day;timestamp;product;bid_price_1;bid_volume_1;bid_price_2;bid_volume_2;bid_price_3;bid_volume_3;ask_price_1;ask_volume_1;ask_price_2;ask_volume_2;ask_price_3;ask_volume_3;mid_price;profit_and_loss
0;0;AMETHYSTS;9998;9;9995;23;;;10005;23;;;;;10001.5;0.0
0;0;STARFRUIT;5036;23;;;;;5043;23;;;;;5039.5;0.0
0;100;AMETHYSTS;10002;1;10000;2;9998;4;10004;1;10005;21;;;10003.0;0.0
0;100;STARFRUIT;5042;1;5039;2;5037;1;5043;22;;;;;5042.5;0.0
0;200;AMETHYSTS;9996;1;9995;21;;;10004;1;10005;21;;;10000.0;2.0
0;200;STARFRUIT;5037;1;5036;21;;;5043;1;5044;21;;;5040.0;0.0
0;300;STARFRUIT;5042;1;5037;26;;;5044;26;;;;;5043.0;0.0
0;300;AMETHYSTS;9995;26;;;;;10005;26;;;;;10000.0;5.0
0;400;AMETHYSTS;9998;8;9996;2;9995;26;10004;2;10005;26;;;10001.0;5.0
0;400;STARFRUIT;5037;28;;;;;5044;28;;;;;5040.5;1.55712890625
0;500;AMETHYSTS;9998;8;9996;1;9995;23;10004;1;10005;23;;;10001.0;5.0
0;500;STARFRUIT;5037;24;;;;;5042;3;5044;24;;;5039.5;1.318359375
0;600;AMETHYSTS;9996;2;9995;28;;;10004;2;10005;28;;;10000.0;5.0
0;600;STARFRUIT;5041;5;5037;30;;;5044;30;;;;;5042.5;1.51806640625
0;700;STARFRUIT;5036;22;;;;;5043;23;;;;;5039.5;1.0
0;700;AMETHYSTS;9996;1;9995;22;;;10004;1;10005;22;;;10000.0;5.0
0;800;AMETHYSTS;9996;1;9995;24;;;10000;3;10004;1;10005;24;9998.0;5.0
0;800;STARFRUIT;5036;25;;;;;5039;3;5043;25;;;5037.5;1.0
0;900;AMETHYSTS;9996;1;9995;20;;;9998;11;10004;1;10005;20;9997.0;8.0
0;900;STARFRUIT;5036;21;;;;;5043;21;;;;;5039.5;5.083984375
0;1000;AMETHYSTS;9996;1;9995;30;;;10004;1;10005;30;;;10000.0;30.0
0;1000;STARFRUIT;5037;1;5036;30;;;5043;31;;;;;5040.0;6.11328125
0;1100;STARFRUIT;5037;22;;;;;5043;1;5044;21;;;5040.0;7.486328125
0;1100;AMETHYSTS;9996;1;9995;21;;;10002;6;10004;1;10005;21;9999.0;30.0
0;1200;AMETHYSTS;9996;1;9995;22;;;10004;1;10005;22;;;10000.0;30.0
0;1200;STARFRUIT;5036;23;;;;;5037;1;5043;23;;;5036.5;5.59375
0;1300;AMETHYSTS;10002;1;9995;25;;;10005;25;;;;;10003.5;30.0
0;1300;STARFRUIT;5036;25;;;;;5043;25;;;;;5039.5;5.95703125
0;1400;AMETHYSTS;9995;23;;;;;10000;6;10005;23;;;9997.5;32.0
0;1400;STARFRUIT;5036;23;;;;;5039;6;5043;23;;;5037.5;6.25
0;1500;STARFRUIT;5041;1;5036;21;;;5043;21;;;;;5042.0;5.0
0;1500;AMETHYSTS;9996;1;9995;20;;;9998;4;10004;1;10005;20;9997.0;32.0
0;1600;AMETHYSTS;9996;2;9995;28;;;10004;2;10005;28;;;10000.0;40.0
0;1600;STARFRUIT;5037;30;;;;;5043;2;5044;28;;;5040.0;5.84375
0;1700;AMETHYSTS;9995;28;;;;;10005;28;;;;;10000.0;40.0
0;1700;STARFRUIT;5036;28;;;;;5041;8;5043;28;;;5038.5;6.1708984375
0;1800;AMETHYSTS;10000;4;9995;23;;;10002;10;10005;23;;;10001.0;40.0
0;1800;STARFRUIT;5040;4;5036;23;;;5044;23;;;;;5042.0;5.9970703125
0;1900;STARFRUIT;5036;31;;;;;5043;32;;;;;5039.5;6.70556640625
0;1900;AMETHYSTS;9996;2;9995;30;;;10004;2;10005;30;;;10000.0;40.0
0;2000;AMETHYSTS;9996;2;9995;21;;;10004;2;10005;21;;;10000.0;40.0
0;2000;STARFRUIT;5036;23;;;;;5043;23;;;;;5039.5;6.64306640625
0;2100;AMETHYSTS;9996;2;9995;26;;;10004;2;10005;26;;;10000.0;40.0
0;2100;STARFRUIT;5036;28;;;;;5041;5;5043;28;;;5038.5;6.5947265625
0;2200;AMETHYSTS;9996;1;9995;20;;;9998;4;10004;1;10005;20;9997.0;40.0
0;2200;STARFRUIT;5037;4;5036;21;;;5043;21;;;;;5040.0;6.6787109375
0;2300;STARFRUIT;5038;5;5037;24;;;5043;2;5044;22;;;5040.5;5.87109375
0;2300;AMETHYSTS;9996;2;9995;22;;;10004;2;10005;22;;;10000.0;48.0
0;2400;AMETHYSTS;9996;2;9995;20;;;10004;2;10005;20;;;10000.0;48.0
0;2400;STARFRUIT;5037;22;;;;;5043;2;5044;20;;;5040.0;5.876953125
0;2500;AMETHYSTS;9998;3;9996;2;9995;21;10004;2;10005;21;;;10001.0;48.0
0;2500;STARFRUIT;5036;23;;;;;5043;23;;;;;5039.5;6.541015625
0;2600;AMETHYSTS;10002;1;9996;1;9995;29;10004;1;10005;29;;;10003.0;48.0
0;2600;STARFRUIT;5035;30;;;;;5042;30;;;;;5038.5;7.70068359375
0;2700;STARFRUIT;5036;7;5035;23;;;5041;2;5042;21;;;5038.5;7.87353515625
0;2700;AMETHYSTS;9998;7;9996;2;9995;21;10004;2;10005;21;;;10001.0;50.0
0;2800;AMETHYSTS;9995;27;;;;;10005;27;;;;;10000.0;50.0
0;2800;STARFRUIT;5035;27;;;;;5042;27;;;;;5038.5;7.41796875
0;2900;AMETHYSTS;9996;2;9995;20;;;10004;2;10005;20;;;10000.0;50.0
0;2900;STARFRUIT;5035;22;;;;;5042;22;;;;;5038.5;7.5419921875
0;3000;AMETHYSTS;9996;1;9995;29;;;10004;1;10005;29;;;10000.0;50.0
0;3000;STARFRUIT;5040;1;5035;6;5034;29;5041;30;;;;;5040.5;8.21435546875
0;3100;STARFRUIT;5035;1;5034;27;;;5041;28;;;;;5038.0;10.13330078125
0;3100;AMETHYSTS;9998;5;9996;1;9995;27;10004;1;10005;27;;;10001.0;50.0
0;3200;STARFRUIT;5035;24;;;;;5038;5;5042;24;;;5036.5;9.8037109375
0;3200;AMETHYSTS;10002;2;9995;24;;;10005;24;;;;;10003.5;50.0
0;3300;AMETHYSTS;10002;1;9996;1;9995;24;10004;1;10005;24;;;10003.0;54.0
0;3300;STARFRUIT;5034;25;;;;;5041;25;;;;;5037.5;8.51953125
0;3400;STARFRUIT;5034;29;;;;;5041;29;;;;;5037.5;8.396484375
0;3400;AMETHYSTS;9998;10;9996;2;9995;27;10004;2;10005;27;;;10001.0;56.0
0;3500;STARFRUIT;5034;26;;;;;5041;26;;;;;5037.5;8.59375
0;3500;AMETHYSTS;9995;26;;;;;10002;10;10005;26;;;9998.5;56.0
0;3600;STARFRUIT;5034;27;;;;;5041;27;;;;;5037.5;7.921875
0;3600;AMETHYSTS;9995;27;;;;;10002;8;10005;27;;;9998.5;56.0
0;3700;AMETHYSTS;9998;3;9995;25;;;10005;25;;;;;10001.5;56.0
0;3700;STARFRUIT;5034;25;;;;;5041;25;;;;;5037.5;9.359375
0;3800;STARFRUIT;5034;24;;;;;5039;7;5041;24;;;5036.5;8.8515625
0;3800;AMETHYSTS;9995;24;;;;;10005;24;;;;;10000.0;56.0
0;3900;STARFRUIT;5035;1;5034;26;;;5040;2;5041;24;;;5037.5;6.619140625
0;3900;AMETHYSTS;9996;2;9995;24;;;10004;2;10005;24;;;10000.0;56.0
0;4000;STARFRUIT;5034;30;;;;;5041;31;;;;;5037.5;7.603515625
0;4000;AMETHYSTS;10002;1;9996;1;9995;30;10004;1;10005;30;;;10003.0;56.0
0;4100;AMETHYSTS;10000;5;9996;2;9995;22;10002;4;10004;2;10005;22;10001.0;58.0
0;4100;STARFRUIT;5037;5;5035;2;5034;22;5041;24;;;;;5039.0;9.88671875
0;4200;STARFRUIT;5034;29;;;;;5039;7;5041;29;;;5036.5;7.4921875
0;4200;AMETHYSTS;10002;5;9996;1;9995;28;10004;1;10005;28;;;10003.0;58.0
0;4300;STARFRUIT;5034;26;;;;;5036;2;5041;26;;;5035.0;9.869140625
0;4300;AMETHYSTS;9995;26;;;;;10002;8;10005;26;;;9998.5;68.0
0;4400;STARFRUIT;5035;28;;;;;5042;28;;;;;5038.5;15.6484375
0;4400;AMETHYSTS;9995;28;;;;;10005;28;;;;;10000.0;68.0
0;4500;AMETHYSTS;9995;26;;;;;10005;26;;;;;10000.0;68.0
0;4500;STARFRUIT;5035;26;;;;;5040;8;5042;26;;;5037.5;15.72265625
0;4600;STARFRUIT;5035;21;;;;;5040;3;5042;21;;;5037.5;15.060546875
0;4600;AMETHYSTS;9995;21;;;;;10005;21;;;;;10000.0;68.0
0;4700;STARFRUIT;5034;26;;;;;5041;26;;;;;5037.5;10.34375
0;4700;AMETHYSTS;9998;5;9995;26;;;10005;26;;;;;10001.5;68.0
0;4800;STARFRUIT;5039;1;5035;7;5034;23;5041;23;;;;;5040.0;10.607421875
0;4800;AMETHYSTS;9996;1;9995;22;;;10004;1;10005;22;;;10000.0;68.0
0;4900;AMETHYSTS;9996;2;9995;22;;;10004;2;10005;22;;;10000.0;68.0
0;4900;STARFRUIT;5033;24;;;;;5038;6;5040;24;;;5035.5;8.2265625
0;5000;STARFRUIT;5033;6;5032;30;;;5039;31;;;;;5036.0;4.462890625
0;5000;AMETHYSTS;9998;9;9996;1;9995;30;10004;1;10005;30;;;10001.0;68.0
0;5100;STARFRUIT;5032;26;;;;;5039;26;;;;;5035.5;4.234375
0;5100;AMETHYSTS;9995;26;;;;;10005;26;;;;;10000.0;68.0
0;5200;STARFRUIT;5035;5;5033;8;5032;23;5039;25;;;;;5037.0;4.11328125
0;5200;AMETHYSTS;10000;5;9998;7;9996;2;10004;2;10005;23;;;10002.0;68.0
0;5300;AMETHYSTS;9995;22;;;;;9998;12;10005;22;;;9996.5;68.0
0;5300;STARFRUIT;5032;22;;;;;5039;22;;;;;5035.5;4.68359375
0;5400;STARFRUIT;5032;30;;;;;5039;30;;;;;5035.5;6.73828125
0;5400;AMETHYSTS;9995;30;;;;;10005;30;;;;;10000.0;92.0
0;5500;AMETHYSTS;9996;1;9995;28;;;10004;1;10005;28;;;10000.0;96.0
0;5500;STARFRUIT;5032;29;;;;;5033;8;5039;29;;;5032.5;8.70703125
0;5600;AMETHYSTS;9998;2;9996;2;9995;23;10004;2;10005;23;;;10001.0;102.0
0;5600;STARFRUIT;5032;25;;;;;5038;2;5039;23;;;5035.0;20.0234375
0;5700;AMETHYSTS;9996;1;9995;30;;;10004;1;10005;30;;;10000.0;102.0
0;5700;STARFRUIT;5032;3;5031;31;;;5038;31;;;;;5035.0;10.8359375
0;5800;STARFRUIT;5031;30;;;;;5038;30;;;;;5034.5;13.359375
0;5800;AMETHYSTS;9996;2;9995;28;;;10004;2;10005;28;;;10000.0;102.0
0;5900;AMETHYSTS;9996;2;9995;21;;;10004;2;10005;21;;;10000.0;102.0
0;5900;STARFRUIT;5031;23;;;;;5038;23;;;;;5034.5;15.2265625
0;6000;AMETHYSTS;9995;30;;;;;10002;10;10005;30;;;9998.5;102.0
0;6000;STARFRUIT;5031;30;;;;;5038;30;;;;;5034.5;13.5703125
0;6100;AMETHYSTS;9996;1;9995;24;;;10004;1;10005;24;;;10000.0;102.0
0;6100;STARFRUIT;5031;25;;;;;5037;1;5038;24;;;5034.0;4.3125
0;6200;STARFRUIT;5036;1;5031;30;;;5038;30;;;;;5037.0;6.953125
0;6200;AMETHYSTS;9998;3;9996;1;9995;29;10004;1;10005;29;;;10001.0;102.0
0;6300;AMETHYSTS;9995;22;;;;;10005;22;;;;;10000.0;102.0
0;6300;STARFRUIT;5030;22;;;;;5037;22;;;;;5033.5;-0.578125
0;6400;AMETHYSTS;9996;1;9995;23;;;10002;6;10004;1;10005;23;9999.0;102.0
0;6400;STARFRUIT;5030;24;;;;;5036;1;5037;23;;;5033.0;23.587890625
0;6500;AMETHYSTS;9995;22;;;;;10005;22;;;;;10000.0;102.0
0;6500;STARFRUIT;5029;22;;;;;5036;22;;;;;5032.5;22.890625
0;6600;STARFRUIT;5030;29;;;;;5031;7;5036;2;5037;27;5030.5;23.67578125
0;6600;AMETHYSTS;9996;2;9995;27;;;10004;2;10005;27;;;10000.0;102.0
0;6700;AMETHYSTS;9996;1;9995;30;;;10004;1;10005;30;;;10000.0;102.0
0;6700;STARFRUIT;5030;1;5029;30;;;5034;7;5036;31;;;5032.0;36.28515625
0;6800;AMETHYSTS;10000;5;9996;2;9995;29;10004;2;10005;29;;;10002.0;105.0
0;6800;STARFRUIT;5033;4;5030;31;;;5037;31;;;;;5035.0;38.890625
0;6900;AMETHYSTS;9996;2;9995;27;;;10004;2;10005;27;;;10000.0;105.0
0;6900;STARFRUIT;5030;29;;;;;5035;3;5037;29;;;5032.5;37.7158203125
0;7000;STARFRUIT;5030;8;5029;30;;;5036;31;;;;;5033.0;36.5830078125
0;7000;AMETHYSTS;9996;1;9995;30;;;10004;1;10005;30;;;10000.0;105.0
0;7100;AMETHYSTS;9996;1;9995;30;;;9998;5;10002;7;10004;1;9997.0;105.0
0;7100;STARFRUIT;5030;1;5029;30;;;5036;31;;;;;5033.0;36.609375
0;7200;AMETHYSTS;9996;1;9995;22;;;10002;1;10004;1;10005;22;9999.0;115.0
0;7200;STARFRUIT;5031;6;5030;23;;;5036;1;5037;22;;;5033.5;37.36328125
0;7300;AMETHYSTS;9996;1;9995;25;;;10004;1;10005;25;;;10000.0;136.0
0;7300;STARFRUIT;5030;26;;;;;5036;1;5037;25;;;5033.0;37.0859375
0;7400;STARFRUIT;5030;22;;;;;5037;22;;;;;5033.5;37.3818359375
0;7400;AMETHYSTS;10002;1;9995;22;;;10005;22;;;;;10003.5;136.0
0;7500;AMETHYSTS;9995;29;;;;;10005;29;;;;;10000.0;138.0
0;7500;STARFRUIT;5030;29;;;;;5035;3;5037;29;;;5032.5;66.84765625
0;7600;AMETHYSTS;10002;1;9995;27;;;10005;27;;;;;10003.5;138.0
0;7600;STARFRUIT;5031;27;;;;;5038;27;;;;;5034.5;61.91796875
0;7700;STARFRUIT;5030;26;;;;;5037;26;;;;;5033.5;68.08203125
0;7700;AMETHYSTS;9996;1;9995;25;;;10002;5;10004;1;10005;25;9999.0;140.0
0;7800;AMETHYSTS;9995;23;;;;;10005;23;;;;;10000.0;140.0
0;7800;STARFRUIT;5031;1;5030;23;;;5037;23;;;;;5034.0;67.8046875
0;7900;AMETHYSTS;9996;2;9995;22;;;10002;7;10004;2;10005;22;9999.0;140.0
0;7900;STARFRUIT;5030;24;;;;;5037;24;;;;;5033.5;71.0859375
0;8000;AMETHYSTS;10000;3;9996;2;9995;28;10004;2;10005;28;;;10002.0;140.0
0;8000;STARFRUIT;5036;1;5033;3;5031;2;5037;30;;;;;5036.5;65.9296875
0;8100;STARFRUIT;5030;25;;;;;5037;25;;;;;5033.5;67.9140625
0;8100;AMETHYSTS;9995;25;;;;;10005;25;;;;;10000.0;140.0
0;8200;AMETHYSTS;9996;2;9995;25;;;10004;2;10005;25;;;10000.0;140.0
0;8200;STARFRUIT;5030;27;;;;;5037;27;;;;;5033.5;70.22265625
0;8300;AMETHYSTS;9998;9;9995;28;;;10005;28;;;;;10001.5;143.0
0;8300;STARFRUIT;5030;28;;;;;5037;28;;;;;5033.5;71.4453125
0;8400;AMETHYSTS;9998;5;9995;29;;;10005;29;;;;;10001.5;143.0
0;8400;STARFRUIT;5031;29;;;;;5038;29;;;;;5034.5;67.73828125
0;8500;STARFRUIT;5032;8;5031;27;;;5037;2;5038;25;;;5034.5;68.7578125
0;8500;AMETHYSTS;9996;2;9995;25;;;10004;2;10005;25;;;10000.0;143.0
0;8600;AMETHYSTS;9996;2;9995;27;;;10004;2;10005;27;;;10000.0;143.0
0;8600;STARFRUIT;5031;29;;;;;5037;2;5038;27;;;5034.0;69.68359375
0;8700;AMETHYSTS;9996;2;9995;22;;;10004;2;10005;22;;;10000.0;143.0
0;8700;STARFRUIT;5035;1;5031;8;5030;24;5037;24;;;;;5036.0;77.078125
0;8800;AMETHYSTS;9996;1;9995;30;;;10004;1;10005;30;;;10000.0;143.0
0;8800;STARFRUIT;5030;31;;;;;5037;31;;;;;5033.5;77.09375
0;8900;STARFRUIT;5031;2;5030;26;;;5037;26;;;;;5034.0;79.6875
0;8900;AMETHYSTS;9995;26;;;;;10005;26;;;;;10000.0;143.0
0;9000;AMETHYSTS;9995;23;;;;;10005;23;;;;;10000.0;143.0
0;9000;STARFRUIT;5030;23;;;;;5037;23;;;;;5033.5;80.92578125
0;9100;AMETHYSTS;9995;22;;;;;9998;1;10005;22;;;9996.5;143.0
0;9100;STARFRUIT;5030;5;5029;22;;;5036;22;;;;;5033.0;84.55859375
0;9200;AMETHYSTS;9996;2;9995;25;;;10004;2;10005;25;;;10000.0;145.0
0;9200;STARFRUIT;5030;5;5029;25;;;5036;27;;;;;5033.0;83.43359375
0;9300;STARFRUIT;5030;1;5029;29;;;5036;30;;;;;5033.0;83.94921875
0;9300;AMETHYSTS;10002;11;9998;1;9996;1;10004;1;10005;29;;;10003.0;145.0
0;9400;AMETHYSTS;10002;1;9996;2;9995;28;10004;2;10005;28;;;10003.0;167.0
0;9400;STARFRUIT;5031;3;5030;30;;;5036;2;5037;28;;;5033.5;80.28125
0;9500;AMETHYSTS;10002;1;9996;2;9995;24;10004;2;10005;24;;;10003.0;169.0
0;9500;STARFRUIT;5030;2;5029;24;;;5036;26;;;;;5033.0;84.4140625
0;9600;AMETHYSTS;9996;1;9995;20;;;10002;6;10004;1;10005;20;9999.0;171.0
0;9600;STARFRUIT;5029;21;;;;;5036;21;;;;;5032.5;86.96875
0;9700;STARFRUIT;5029;31;;;;;5032;5;5034;5;5036;31;5030.5;88.1796875
0;9700;AMETHYSTS;9996;1;9995;30;;;10000;4;10004;1;10005;30;9998.0;171.0
0;9800;AMETHYSTS;9998;1;9996;2;9995;24;10004;2;10005;24;;;10001.0;171.0
0;9800;STARFRUIT;5029;26;;;;;5036;26;;;;;5032.5;91.16796875
0;9900;AMETHYSTS;9995;24;;;;;10005;24;;;;;10000.0;171.0
0;9900;STARFRUIT;5029;24;;;;;5036;24;;;;;5032.5;92.51171875
0;10000;AMETHYSTS;9995;27;;;;;10005;27;;;;;10000.0;171.0
0;10000;STARFRUIT;5029;27;;;;;5036;27;;;;;5032.5;92.47265625
0;10100;STARFRUIT;5028;21;;;;;5033;5;5035;21;;;5030.5;96.87109375
0;10100;AMETHYSTS;10002;4;9996;1;9995;20;10004;1;10005;20;;;10003.0;171.0
0;10200;AMETHYSTS;9995;20;;;;;10005;20;;;;;10000.0;179.0
0;10200;STARFRUIT;5028;20;;;;;5035;20;;;;;5031.5;96.69921875
0;10300;AMETHYSTS;9996;1;9995;24;;;10004;1;10005;24;;;10000.0;179.0
0;10300;STARFRUIT;5030;5;5029;25;;;5035;1;5036;24;;;5032.5;94.5390625
0;10400;AMETHYSTS;9995;25;;;;;10005;25;;;;;10000.0;182.0
0;10400;STARFRUIT;5029;25;;;;;5036;25;;;;;5032.5;96.00390625
0;10500;STARFRUIT;5030;8;5029;26;;;5037;26;;;;;5033.5;89.046875
0;10500;AMETHYSTS;9995;26;;;;;10005;26;;;;;10000.0;182.0
0;10600;AMETHYSTS;9995;20;;;;;10005;20;;;;;10000.0;182.0
0;10600;STARFRUIT;5034;3;5029;20;;;5036;20;;;;;5035.0;93.17578125
0;10700;AMETHYSTS;9995;24;;;;;9998;3;10005;24;;;9996.5;182.0
0;10700;STARFRUIT;5030;7;5029;24;;;5036;24;;;;;5033.0;102.75390625
0;10800;AMETHYSTS;9995;23;;;;;10002;1;10005;23;;;9998.5;188.0
0;10800;STARFRUIT;5030;6;5029;23;;;5036;23;;;;;5033.0;102.23046875
0;10900;STARFRUIT;5029;1;5028;22;;;5031;6;5035;23;;;5030.0;114.93603515625
0;10900;AMETHYSTS;9996;1;9995;22;;;10000;6;10004;1;10005;22;9998.0;188.0
0;11000;AMETHYSTS;9996;1;9995;26;;;10004;1;10005;26;;;10000.0;188.0
0;11000;STARFRUIT;5028;27;;;;;5033;2;5035;27;;;5030.5;116.109375
0;11100;AMETHYSTS;9996;1;9995;30;;;10002;1;10004;1;10005;30;9999.0;188.0
0;11100;STARFRUIT;5029;1;5028;31;;;5034;1;5035;30;;;5031.5;115.2578125
0;11200;AMETHYSTS;9996;2;9995;28;;;10004;2;10005;28;;;10000.0;188.0
0;11200;STARFRUIT;5028;2;5027;28;;;5032;5;5034;30;;;5030.0;112.4921875
0;11300;STARFRUIT;5027;27;;;;;5034;27;;;;;5030.5;110.640625
0;11300;AMETHYSTS;9996;2;9995;25;;;10002;2;10004;2;10005;25;9999.0;188.0
0;11400;AMETHYSTS;9995;30;;;;;10005;30;;;;;10000.0;188.0
0;11400;STARFRUIT;5027;30;;;;;5034;30;;;;;5030.5;109.0625
0;11500;AMETHYSTS;9996;1;9995;28;;;10004;1;10005;28;;;10000.0;188.0
0;11500;STARFRUIT;5027;29;;;;;5032;5;5034;29;;;5029.5;111.953125
0;11600;AMETHYSTS;9996;2;9995;22;;;10004;2;10005;22;;;10000.0;188.0
0;11600;STARFRUIT;5027;24;;;;;5032;7;5034;24;;;5029.5;111.0078125
0;11700;STARFRUIT;5029;4;5027;2;5026;20;5033;22;;;;;5031.0;105.71484375
0;11700;AMETHYSTS;10000;4;9996;2;9995;20;10004;2;10005;20;;;10002.0;188.0
0;11800;AMETHYSTS;9998;10;9996;1;9995;21;10004;1;10005;21;;;10001.0;188.0
0;11800;STARFRUIT;5026;22;;;;;5033;22;;;;;5029.5;103.359375
0;11900;AMETHYSTS;10002;1;10000;4;9998;1;10004;1;10005;22;;;10003.0;188.0
0;11900;STARFRUIT;5028;4;5026;1;5025;22;5032;23;;;;;5030.0;98.36328125
0;12000;STARFRUIT;5025;28;;;;;5032;28;;;;;5028.5;94.390625
0;12000;AMETHYSTS;9996;1;9995;27;;;10004;1;10005;27;;;10000.0;190.0
0;12100;STARFRUIT;5026;2;5025;23;;;5032;25;;;;;5029.0;98.625
0;12100;AMETHYSTS;9996;2;9995;23;;;9998;8;10004;2;10005;23;9997.0;190.0
0;12200;STARFRUIT;5025;25;;;;;5032;25;;;;;5028.5;97.5078125
0;12200;AMETHYSTS;9996;2;9995;23;;;10004;2;10005;23;;;10000.0;206.0
0;12300;AMETHYSTS;9996;1;9995;24;;;10002;3;10004;1;10005;24;9999.0;206.0
0;12300;STARFRUIT;5026;5;5025;24;;;5032;25;;;;;5029.0;98.890625
0;12400;STARFRUIT;5026;29;;;;;5033;29;;;;;5029.5;102.015625
0;12400;AMETHYSTS;10002;1;9998;5;9995;29;10005;29;;;;;10003.5;206.0
0;12500;STARFRUIT;5029;3;5026;23;;;5033;23;;;;;5031.0;103.203125
0;12500;AMETHYSTS;10000;3;9996;1;9995;22;10004;1;10005;22;;;10002.0;208.0
0;12600;STARFRUIT;5029;4;5026;26;;;5033;26;;;;;5031.0;103.7734375
0;12600;AMETHYSTS;10000;4;9995;26;;;10005;26;;;;;10002.5;208.0
0;12700;AMETHYSTS;10002;1;9996;1;9995;27;10004;1;10005;27;;;10003.0;208.0
0;12700;STARFRUIT;5027;28;;;;;5034;28;;;;;5030.5;112.625
0;12800;STARFRUIT;5030;4;5027;30;;;5034;30;;;;;5032.0;114.64453125
0;12800;AMETHYSTS;10000;4;9996;2;9995;28;10002;9;10004;2;10005;28;10001.0;210.0
0;12900;STARFRUIT;5027;23;;;;;5032;2;5034;23;;;5029.5;114.375
0;12900;AMETHYSTS;9996;2;9995;21;;;10002;4;10004;2;10005;21;9999.0;210.0
0;13000;STARFRUIT;5027;32;;;;;5034;32;;;;;5030.5;116.01953125
0;13000;AMETHYSTS;9996;2;9995;30;;;10002;2;10004;2;10005;30;9999.0;210.0
0;13100;AMETHYSTS;9995;21;;;;;10000;2;10005;21;;;9997.5;210.0
0;13100;STARFRUIT;5028;21;;;;;5031;2;5035;21;;;5029.5;120.83984375
0;13200;STARFRUIT;5033;1;5029;7;5028;31;5035;31;;;;;5034.0;123.0390625
0;13200;AMETHYSTS;9998;9;9996;2;9995;29;10004;2;10005;29;;;10001.0;210.0
0;13300;STARFRUIT;5028;23;;;;;5035;23;;;;;5031.5;126.6875
0;13300;AMETHYSTS;10002;2;9996;1;9995;22;10004;1;10005;22;;;10003.0;210.0
0;13400;STARFRUIT;5028;26;;;;;5035;26;;;;;5031.5;126.7109375
0;13400;AMETHYSTS;9995;26;;;;;10005;26;;;;;10000.0;214.0
0;13500;AMETHYSTS;9996;1;9995;24;;;10004;1;10005;24;;;10000.0;214.0
0;13500;STARFRUIT;5028;25;;;;;5035;25;;;;;5031.5;124.8671875
0;13600;STARFRUIT;5028;26;;;;;5033;3;5035;26;;;5030.5;127.19921875
0;13600;AMETHYSTS;9996;2;9995;24;;;10002;6;10004;2;10005;24;9999.0;214.0
0;13700;STARFRUIT;5028;28;;;;;5035;28;;;;;5031.5;129.3125
0;13700;AMETHYSTS;10002;1;9995;28;;;10005;28;;;;;10003.5;214.0
0;13800;STARFRUIT;5028;23;;;;;5035;23;;;;;5031.5;130.42578125
0;13800;AMETHYSTS;9998;1;9995;23;;;10005;23;;;;;10001.5;216.0
0;13900;AMETHYSTS;9996;1;9995;20;;;10004;1;10005;20;;;10000.0;216.0
0;13900;STARFRUIT;5029;21;;;;;5031;3;5036;21;;;5030.0;136.16015625
0;14000;STARFRUIT;5030;3;5029;28;;;5036;29;;;;;5033.0;138.7734375
0;14000;AMETHYSTS;10002;6;9998;1;9996;1;10004;1;10005;28;;;10003.0;216.0
0;14100;STARFRUIT;5029;22;;;;;5036;22;;;;;5032.5;137.3515625
0;14100;AMETHYSTS;9996;2;9995;20;;;10002;4;10004;2;10005;20;9999.0;228.0
0;14200;STARFRUIT;5029;21;;;;;5036;21;;;;;5032.5;138.109375
0;14200;AMETHYSTS;9995;21;;;;;10005;21;;;;;10000.0;228.0
0;14300;AMETHYSTS;9996;1;9995;21;;;10004;1;10005;21;;;10000.0;228.0
0;14300;STARFRUIT;5029;1;5028;21;;;5035;22;;;;;5032.0;132.27734375
0;14400;STARFRUIT;5029;22;;;;;5036;23;;;;;5032.5;137.2890625
0;14400;AMETHYSTS;10002;4;9996;2;9995;21;10004;2;10005;21;;;10003.0;228.0
0;14500;AMETHYSTS;9996;1;9995;28;;;10002;10;10004;1;10005;28;9999.0;236.0
0;14500;STARFRUIT;5029;29;;;;;5034;6;5036;29;;;5031.5;137.16015625
0;14600;AMETHYSTS;9996;1;9995;27;;;10004;1;10005;27;;;10000.0;236.0
0;14600;STARFRUIT;5029;1;5028;27;;;5030;3;5035;1;5036;27;5029.5;132.84765625
0;14700;AMETHYSTS;9996;1;9995;23;;;10004;1;10005;23;;;10000.0;236.0
0;14700;STARFRUIT;5029;24;;;;;5034;2;5035;1;5036;23;5031.5;139.69921875
0;14800;STARFRUIT;5029;1;5028;30;;;5033;3;5035;31;;;5031.0;136.94921875
0;14800;AMETHYSTS;9996;1;9995;30;;;9998;1;10004;1;10005;30;9997.0;236.0
0;14900;AMETHYSTS;9996;1;9995;25;;;10002;1;10004;1;10005;25;9999.0;238.0
0;14900;STARFRUIT;5032;4;5028;26;;;5035;26;;;;;5033.5;129.9375
0;15000;AMETHYSTS;9996;2;9995;25;;;10004;2;10005;25;;;10000.0;238.0
0;15000;STARFRUIT;5029;6;5028;25;;;5035;27;;;;;5032.0;138.7421875
0;15100;AMETHYSTS;9996;1;9995;20;;;9998;1;10004;1;10005;20;9997.0;238.0
0;15100;STARFRUIT;5028;21;;;;;5035;21;;;;;5031.5;133.671875
0;15200;STARFRUIT;5031;4;5029;4;5028;23;5035;23;;;;;5033.0;135.640625
0;15200;AMETHYSTS;10000;4;9996;2;9995;21;10002;4;10004;2;10005;21;10001.0;240.0
0;15300;AMETHYSTS;9996;2;9995;22;;;10002;7;10004;2;10005;22;9999.0;240.0
0;15300;STARFRUIT;5028;2;5027;22;;;5033;6;5034;2;5035;22;5030.5;130.0234375
0;15400;AMETHYSTS;9995;30;;;;;10005;30;;;;;10000.0;240.0
0;15400;STARFRUIT;5027;30;;;;;5034;30;;;;;5030.5;128.06640625
0;15500;AMETHYSTS;9995;25;;;;;9998;11;10005;25;;;9996.5;240.0
0;15500;STARFRUIT;5028;25;;;;;5035;25;;;;;5031.5;130.26953125
0;15600;STARFRUIT;5028;23;;;;;5034;1;5035;22;;;5031.0;130.484375
0;15600;AMETHYSTS;9996;1;9995;22;;;10004;1;10005;22;;;10000.0;262.0
0;15700;AMETHYSTS;9996;2;9995;28;;;10004;2;10005;28;;;10000.0;262.0
0;15700;STARFRUIT;5028;30;;;;;5033;1;5034;2;5035;28;5030.5;130.80859375
0;15800;AMETHYSTS;9998;6;9996;2;9995;26;10004;2;10005;26;;;10001.0;262.0
0;15800;STARFRUIT;5029;4;5028;28;;;5035;28;;;;;5032.0;136.5390625
0;15900;AMETHYSTS;9996;1;9995;20;;;10002;8;10004;1;10005;20;9999.0;268.0
0;15900;STARFRUIT;5029;1;5028;20;;;5030;3;5035;21;;;5029.5;142.09765625
0;16000;STARFRUIT;5029;22;;;;;5034;4;5036;22;;;5031.5;151.515625
0;16000;AMETHYSTS;9996;2;9995;20;;;10004;2;10005;20;;;10000.0;268.0
0;16100;AMETHYSTS;9996;1;9995;26;;;10004;1;10005;26;;;10000.0;268.0
0;16100;STARFRUIT;5029;27;;;;;5031;2;5034;8;5036;27;5030.0;154.62890625
0;16200;AMETHYSTS;9995;27;;;;;10002;4;10005;27;;;9998.5;268.0
0;16200;STARFRUIT;5029;26;;;;;5036;27;;;;;5032.5;138.3671875
0;16300;AMETHYSTS;9996;1;9995;21;;;10004;1;10005;21;;;10000.0;268.0
0;16300;STARFRUIT;5029;22;;;;;5036;22;;;;;5032.5;136.3515625
0;16400;AMETHYSTS;9996;2;9995;25;;;10002;6;10004;2;10005;25;9999.0;274.0
0;16400;STARFRUIT;5028;27;;;;;5033;7;5035;27;;;5030.5;141.41796875
0;16500;AMETHYSTS;9995;22;;;;;10005;22;;;;;10000.0;274.0
0;16500;STARFRUIT;5028;22;;;;;5033;1;5035;22;;;5030.5;148.5703125
0;16600;AMETHYSTS;9995;26;;;;;10005;26;;;;;10000.0;274.0
0;16600;STARFRUIT;5029;7;5028;26;;;5035;26;;;;;5032.0;148.4296875
0;16700;STARFRUIT;5028;25;;;;;5035;25;;;;;5031.5;146.09375
0;16700;AMETHYSTS;10002;1;9998;2;9995;25;10005;25;;;;;10003.5;274.0
0;16800;AMETHYSTS;10000;2;9996;2;9995;25;10004;2;10005;25;;;10002.0;276.0
0;16800;STARFRUIT;5031;2;5028;27;;;5035;27;;;;;5033.0;145.16796875
0;16900;AMETHYSTS;9996;2;9995;22;;;10004;2;10005;22;;;10000.0;276.0
0;16900;STARFRUIT;5028;24;;;;;5035;24;;;;;5031.5;145.796875
0;17000;AMETHYSTS;9996;1;9995;25;;;10004;1;10005;25;;;10000.0;276.0
0;17000;STARFRUIT;5029;1;5028;26;;;5034;1;5035;25;;;5031.5;148.41015625
0;17100;STARFRUIT;5028;1;5027;26;;;5034;27;;;;;5031.0;150.24609375
0;17100;AMETHYSTS;9996;1;9995;26;;;10004;1;10005;26;;;10000.0;276.0
0;17200;AMETHYSTS;9996;1;9995;27;;;10004;1;10005;27;;;10000.0;276.0
0;17200;STARFRUIT;5028;5;5027;28;;;5034;28;;;;;5031.0;156.3359375
0;17300;AMETHYSTS;9996;1;9995;27;;;10004;1;10005;27;;;10000.0;276.0
0;17300;STARFRUIT;5026;28;;;;;5031;6;5032;1;5033;27;5028.5;168.203125
0;17400;AMETHYSTS;9995;25;;;;;9998;11;10005;25;;;9996.5;276.0
0;17400;STARFRUIT;5030;3;5026;2;5025;25;5032;25;;;;;5031.0;170.0859375
0;17500;STARFRUIT;5026;28;;;;;5033;28;;;;;5029.5;162.3046875
0;17500;AMETHYSTS;9996;2;9995;26;;;10004;2;10005;26;;;10000.0;300.0
0;17600;AMETHYSTS;9996;1;9995;29;;;10004;1;10005;29;;;10000.0;300.0
0;17600;STARFRUIT;5027;3;5026;30;;;5032;1;5033;29;;;5029.5;194.9140625
0;17700;AMETHYSTS;9998;2;9995;22;;;10005;22;;;;;10001.5;300.0
0;17700;STARFRUIT;5026;22;;;;;5033;22;;;;;5029.5;194.1787109375
0;17800;AMETHYSTS;9996;2;9995;30;;;9998;3;10002;5;10004;2;9997.0;300.0
0;17800;STARFRUIT;5026;32;;;;;5031;5;5033;32;;;5028.5;193.615234375
0;17900;STARFRUIT;5032;1;5029;2;5026;21;5033;21;;;;;5032.5;193.6875
0;17900;AMETHYSTS;9995;21;;;;;9998;1;10002;3;10005;21;9996.5;306.0
0;18000;AMETHYSTS;9995;24;;;;;10005;24;;;;;10000.0;308.0
0;18000;STARFRUIT;5026;24;;;;;5033;24;;;;;5029.5;196.87890625
0;18100;AMETHYSTS;9996;2;9995;28;;;10004;2;10005;28;;;10000.0;308.0
0;18100;STARFRUIT;5026;30;;;;;5033;30;;;;;5029.5;196.9072265625
0;18200;AMETHYSTS;9996;2;9995;23;;;10002;10;10004;2;10005;23;9999.0;308.0
0;18200;STARFRUIT;5027;25;;;;;5033;2;5034;23;;;5030.0;219.125
0;18300;STARFRUIT;5027;20;;;;;5034;20;;;;;5030.5;222.37890625
0;18300;AMETHYSTS;9995;20;;;;;10005;20;;;;;10000.0;320.0
0;18400;AMETHYSTS;9996;1;9995;21;;;10004;1;10005;21;;;10000.0;320.0
0;18400;STARFRUIT;5032;1;5027;22;;;5033;1;5034;21;;;5032.5;221.69140625
0;18500;AMETHYSTS;9996;2;9995;21;;;10004;2;10005;21;;;10000.0;320.0
0;18500;STARFRUIT;5027;23;;;;;5029;1;5034;23;;;5028.0;225.947265625
0;18600;AMETHYSTS;9996;1;9995;21;;;10004;1;10005;21;;;10000.0;320.0
0;18600;STARFRUIT;5028;22;;;;;5029;9;5035;22;;;5028.5;232.4296875
0;18700;STARFRUIT;5028;30;;;;;5035;30;;;;;5031.5;259.6796875
0;18700;AMETHYSTS;10002;1;9995;30;;;10005;30;;;;;10003.5;320.0
0;18800;AMETHYSTS;9995;24;;;;;10002;7;10005;24;;;9998.5;322.0
0;18800;STARFRUIT;5028;24;;;;;5035;24;;;;;5031.5;255.21875
0;18900;AMETHYSTS;10002;1;9995;25;;;10005;25;;;;;10003.5;322.0
0;18900;STARFRUIT;5030;7;5029;25;;;5036;25;;;;;5033.0;266.9375
0;19000;AMETHYSTS;9996;1;9995;30;;;10004;1;10005;30;;;10000.0;324.0
0;19000;STARFRUIT;5029;31;;;;;5036;31;;;;;5032.5;271.1328125
0;19100;STARFRUIT;5030;2;5029;21;;;5036;23;;;;;5033.0;277.03125
0;19100;AMETHYSTS;9996;2;9995;21;;;10004;2;10005;21;;;10000.0;324.0
0;19200;AMETHYSTS;9995;26;;;;;10002;1;10005;26;;;9998.5;324.0
0;19200;STARFRUIT;5030;26;;;;;5037;26;;;;;5033.5;282.375
0;19300;AMETHYSTS;9996;2;9995;23;;;9998;6;10004;2;10005;23;9997.0;324.0
0;19300;STARFRUIT;5032;2;5031;23;;;5038;25;;;;;5035.0;305.1875
0;19400;AMETHYSTS;9996;2;9995;24;;;10002;5;10004;2;10005;24;9999.0;336.0
0;19400;STARFRUIT;5032;26;;;;;5038;2;5039;24;;;5035.0;309.671875
0;19500;STARFRUIT;5031;23;;;;;5038;23;;;;;5034.5;305.7890625
0;19500;AMETHYSTS;9995;23;;;;;10005;23;;;;;10000.0;336.0
0;19600;AMETHYSTS;10002;1;9998;5;9996;1;10004;1;10005;26;;;10003.0;336.0
0;19600;STARFRUIT;5032;27;;;;;5038;1;5039;26;;;5035.0;309.9375
0;19700;AMETHYSTS;9996;2;9995;29;;;10004;2;10005;29;;;10000.0;338.0
0;19700;STARFRUIT;5032;31;;;;;5039;31;;;;;5035.5;332.8359375
0;19800;AMETHYSTS;9996;2;9995;26;;;10004;2;10005;26;;;10000.0;338.0
0;19800;STARFRUIT;5033;2;5032;26;;;5039;28;;;;;5036.0;333.724609375
0;19900;STARFRUIT;5033;1;5032;22;;;5039;23;;;;;5036.0;333.552734375
0;19900;AMETHYSTS;9996;1;9995;22;;;9998;1;10004;1;10005;22;9997.0;338.0
0;20000;AMETHYSTS;9995;26;;;;;9998;1;10005;26;;;9996.5;361.0
0;20000;STARFRUIT;5032;26;;;;;5037;4;5039;26;;;5034.5;332.953125
0;20100;AMETHYSTS;9996;1;9995;29;;;9998;4;10004;1;10005;29;9997.0;363.0
0;20100;STARFRUIT;5033;30;;;;;5038;4;5039;1;5040;29;5035.5;334.685546875
0;20200;AMETHYSTS;10002;1;9995;20;;;10005;20;;;;;10003.5;369.0
0;20200;STARFRUIT;5032;20;;;;;5039;20;;;;;5035.5;332.91796875
0;20300;STARFRUIT;5032;24;;;;;5039;24;;;;;5035.5;333.6796875
0;20300;AMETHYSTS;10002;4;9995;24;;;10005;24;;;;;10003.5;371.0
0;20400;AMETHYSTS;10002;2;9996;1;9995;27;10004;1;10005;27;;;10003.0;379.0
0;20400;STARFRUIT;5032;28;;;;;5033;3;5039;28;;;5032.5;331.3515625
0;20500;AMETHYSTS;9998;7;9996;1;9995;25;10004;1;10005;25;;;10001.0;383.0
0;20500;STARFRUIT;5032;26;;;;;5033;8;5039;26;;;5032.5;340.1953125
0;20600;AMETHYSTS;9996;1;9995;24;;;9998;4;10002;5;10004;1;9997.0;383.0
0;20600;STARFRUIT;5033;25;;;;;5040;25;;;;;5036.5;362.37890625
0;20700;STARFRUIT;5038;2;5034;3;5033;30;5041;30;;;;;5039.5;371.92578125
0;20700;AMETHYSTS;9995;30;;;;;10005;30;;;;;10000.0;391.0
0;20800;AMETHYSTS;9996;2;9995;24;;;10004;2;10005;24;;;10000.0;391.0
0;20800;STARFRUIT;5034;26;;;;;5040;2;5041;24;;;5037.0;374.4453125
0;20900;AMETHYSTS;9996;2;9995;29;;;10004;2;10005;29;;;10000.0;391.0
0;20900;STARFRUIT;5034;31;;;;;5035;1;5041;31;;;5034.5;376.158203125
0;21000;STARFRUIT;5034;26;;;;;5041;26;;;;;5037.5;379.076171875
0;21000;AMETHYSTS;9996;1;9995;25;;;10004;1;10005;25;;;10000.0;391.0
0;21100;STARFRUIT;5034;28;;;;;5037;2;5041;28;;;5035.5;377.689453125
0;21100;AMETHYSTS;9995;28;;;;;10000;2;10005;28;;;9997.5;391.0
0;21200;STARFRUIT;5040;1;5034;29;;;5041;29;;;;;5040.5;376.0
0;21200;AMETHYSTS;9995;29;;;;;9998;1;10005;29;;;9996.5;391.0
0;21300;AMETHYSTS;9995;22;;;;;10005;22;;;;;10000.0;393.0
0;21300;STARFRUIT;5034;22;;;;;5040;2;5042;22;;;5037.0;377.9794921875
0;21400;STARFRUIT;5035;1;5034;29;;;5041;30;;;;;5038.0;378.099609375
0;21400;AMETHYSTS;9996;1;9995;29;;;10004;1;10005;29;;;10000.0;393.0
0;21500;STARFRUIT;5034;28;;;;;5035;5;5041;30;;;5034.5;378.08837890625
0;21500;AMETHYSTS;9996;2;9995;28;;;10004;2;10005;28;;;10000.0;393.0
0;21600;STARFRUIT;5035;22;;;;;5042;22;;;;;5038.5;394.140625
0;21600;AMETHYSTS;9998;5;9996;2;9995;20;10004;2;10005;20;;;10001.0;393.0
0;21700;AMETHYSTS;9996;2;9995;25;;;10004;2;10005;25;;;10000.0;393.0
0;21700;STARFRUIT;5035;6;5034;25;;;5041;2;5042;25;;;5038.0;392.974609375
0;21800;STARFRUIT;5035;26;;;;;5042;26;;;;;5038.5;395.55859375
0;21800;AMETHYSTS;9996;1;9995;25;;;10004;1;10005;25;;;10000.0;393.0
0;21900;STARFRUIT;5035;27;;;;;5042;27;;;;;5038.5;395.396484375
0;21900;AMETHYSTS;9995;27;;;;;10002;3;10005;27;;;9998.5;393.0
0;22000;STARFRUIT;5035;22;;;;;5042;22;;;;;5038.5;395.6484375
0;22000;AMETHYSTS;9996;2;9995;20;;;10004;2;10005;20;;;10000.0;393.0
0;22100;AMETHYSTS;9995;22;;;;;10005;22;;;;;10000.0;393.0
0;22100;STARFRUIT;5035;22;;;;;5040;4;5042;22;;;5037.5;394.59375
0;22200;STARFRUIT;5036;3;5035;23;;;5042;23;;;;;5039.0;396.564453125
0;22200;AMETHYSTS;10002;1;9995;23;;;10005;23;;;;;10003.5;393.0
0;22300;STARFRUIT;5036;30;;;;;5043;30;;;;;5039.5;398.3984375
0;22300;AMETHYSTS;9996;2;9995;28;;;10004;2;10005;28;;;10000.0;395.0
0;22400;STARFRUIT;5036;24;;;;;5043;24;;;;;5039.5;399.748046875
0;22400;AMETHYSTS;9996;1;9995;23;;;10002;2;10004;1;10005;23;9999.0;395.0
0;22500;AMETHYSTS;9998;2;9995;27;;;10005;27;;;;;10001.5;395.0
0;22500;STARFRUIT;5041;1;5036;27;;;5043;27;;;;;5042.0;397.53125
0;22600;STARFRUIT;5042;1;5041;4;5037;4;5043;26;;;;;5042.5;400.9599609375
0;22600;AMETHYSTS;9998;5;9996;1;9995;25;10004;1;10005;25;;;10001.0;395.0
0;22700;STARFRUIT;5036;26;;;;;5042;1;5043;25;;;5039.0;409.791015625
0;22700;AMETHYSTS;9996;1;9995;25;;;10002;9;10004;1;10005;25;9999.0;395.0
0;22800;STARFRUIT;5036;27;;;;;5043;27;;;;;5039.5;409.3818359375
0;22800;AMETHYSTS;10002;1;9996;1;9995;26;10004;1;10005;26;;;10003.0;395.0
0;22900;AMETHYSTS;10002;2;9996;1;9995;22;10004;1;10005;22;;;10003.0;403.0
0;22900;STARFRUIT;5036;23;;;;;5037;1;5041;4;5043;23;5036.5;414.0
0;23000;STARFRUIT;5042;1;5037;1;5036;20;5043;21;;;;;5042.5;416.7841796875
0;23000;AMETHYSTS;9996;1;9995;20;;;10002;2;10004;1;10005;20;9999.0;407.0
0;23100;STARFRUIT;5038;7;5037;28;;;5043;2;5044;26;;;5040.5;419.0
0;23100;AMETHYSTS;9996;2;9995;26;;;10004;2;10005;26;;;10000.0;407.0
0;23200;AMETHYSTS;9996;1;9995;24;;;10002;4;10004;1;10005;24;9999.0;407.0
0;23200;STARFRUIT;5037;2;5036;24;;;5043;25;;;;;5040.0;419.0
0;23300;AMETHYSTS;9996;2;9995;21;;;10004;2;10005;21;;;10000.0;407.0
0;23300;STARFRUIT;5037;2;5036;21;;;5043;2;5044;21;;;5040.0;419.0
0;23400;STARFRUIT;5037;1;5036;29;;;5043;1;5044;29;;;5040.0;419.0
0;23400;AMETHYSTS;9996;1;9995;29;;;10004;1;10005;29;;;10000.0;407.0
0;23500;AMETHYSTS;9996;1;9995;30;;;10004;1;10005;30;;;10000.0;407.0
0;23500;STARFRUIT;5038;3;5037;31;;;5044;31;;;;;5041.0;442.3046875
0;23600;AMETHYSTS;9996;2;9995;25;;;10004;2;10005;25;;;10000.0;407.0
0;23600;STARFRUIT;5037;1;5036;25;;;5043;27;;;;;5040.0;438.484375
0;23700;AMETHYSTS;9996;1;9995;20;;;10004;1;10005;20;;;10000.0;407.0
0;23700;STARFRUIT;5042;1;5037;21;;;5043;1;5044;20;;;5042.5;439.3359375
0;23800;STARFRUIT;5037;22;;;;;5044;22;;;;;5040.5;441.45703125
0;23800;AMETHYSTS;9995;22;;;;;10005;22;;;;;10000.0;407.0
0;23900;AMETHYSTS;9995;27;;;;;10005;27;;;;;10000.0;407.0
0;23900;STARFRUIT;5037;27;;;;;5044;27;;;;;5040.5;441.5625
0;24000;AMETHYSTS;9995;29;;;;;10005;29;;;;;10000.0;407.0
0;24000;STARFRUIT;5038;6;5037;29;;;5044;29;;;;;5041.0;447.765625
0;24100;AMETHYSTS;9996;2;9995;20;;;10004;2;10005;20;;;10000.0;407.0
0;24100;STARFRUIT;5037;22;;;;;5044;22;;;;;5040.5;447.12109375
0;24200;STARFRUIT;5038;24;;;;;5043;8;5044;1;5045;23;5040.5;451.2890625
0;24200;AMETHYSTS;9996;1;9995;23;;;10002;7;10004;1;10005;23;9999.0;407.0
0;24300;AMETHYSTS;10002;1;9995;27;;;10005;27;;;;;10003.5;407.0
0;24300;STARFRUIT;5038;26;;;;;5043;5;5045;27;;;5040.5;450.69921875
0;24400;AMETHYSTS;9996;1;9995;28;;;10004;1;10005;28;;;10000.0;409.0
0;24400;STARFRUIT;5038;9;5037;28;;;5044;29;;;;;5041.0;448.46484375
0;24500;AMETHYSTS;9996;2;9995;24;;;10002;10;10004;2;10005;24;9999.0;409.0
0;24500;STARFRUIT;5037;26;;;;;5044;26;;;;;5040.5;444.29296875
0;24600;STARFRUIT;5038;2;5037;22;;;5044;24;;;;;5041.0;451.16796875
0;24600;AMETHYSTS;9996;2;9995;22;;;10002;10;10004;2;10005;22;9999.0;409.0
0;24700;AMETHYSTS;9996;2;9995;20;;;10004;2;10005;20;;;10000.0;409.0
0;24700;STARFRUIT;5037;22;;;;;5044;22;;;;;5040.5;448.3984375
0;24800;AMETHYSTS;9995;28;;;;;10005;28;;;;;10000.0;409.0
0;24800;STARFRUIT;5037;28;;;;;5044;28;;;;;5040.5;448.390625
0;24900;AMETHYSTS;9998;7;9995;24;;;10005;24;;;;;10001.5;409.0
0;24900;STARFRUIT;5037;24;;;;;5044;24;;;;;5040.5;446.3984375
0;25000;STARFRUIT;5037;28;;;;;5043;1;5044;27;;;5040.0;444.3046875
0;25000;AMETHYSTS;10002;1;9996;1;9995;27;10004;1;10005;27;;;10003.0;409.0
0;25100;AMETHYSTS;9998;8;9996;1;9995;26;10004;1;10005;26;;;10001.0;411.0
0;25100;STARFRUIT;5036;27;;;;;5043;27;;;;;5039.5;440.63671875
0;25200;AMETHYSTS;9996;2;9995;24;;;10000;4;10004;2;10005;24;9998.0;411.0
0;25200;STARFRUIT;5037;6;5036;26;;;5039;4;5043;26;;;5038.0;440.390625
0;25300;STARFRUIT;5036;22;;;;;5042;1;5043;21;;;5039.0;434.609375
0;25300;AMETHYSTS;9998;9;9996;1;9995;21;10004;1;10005;21;;;10001.0;411.0
0;25400;AMETHYSTS;10002;3;9996;2;9995;27;10004;2;10005;27;;;10003.0;411.0
0;25400;STARFRUIT;5035;29;;;;;5042;29;;;;;5038.5;429.6875
0;25500;AMETHYSTS;9996;1;9995;23;;;10004;1;10005;23;;;10000.0;417.0
0;25500;STARFRUIT;5036;1;5035;23;;;5040;6;5042;24;;;5038.0;431.6015625
0;25600;AMETHYSTS;9995;24;;;;;10005;24;;;;;10000.0;417.0
0;25600;STARFRUIT;5035;24;;;;;5040;6;5042;24;;;5037.5;426.359375
0;25700;STARFRUIT;5036;1;5035;24;;;5042;1;5043;24;;;5039.0;433.1875
0;25700;AMETHYSTS;9996;1;9995;24;;;10004;1;10005;24;;;10000.0;417.0
0;25800;AMETHYSTS;10002;1;9996;2;9995;27;10004;2;10005;27;;;10003.0;417.0
0;25800;STARFRUIT;5037;29;;;;;5043;2;5044;27;;;5040.0;447.359375
0;25900;AMETHYSTS;9996;2;9995;27;;;10004;2;10005;27;;;10000.0;419.0
0;25900;STARFRUIT;5037;29;;;;;5044;29;;;;;5040.5;452.265625
0;26000;AMETHYSTS;9995;27;;;;;10005;27;;;;;10000.0;425.0
0;26000;STARFRUIT;5042;1;5037;27;;;5044;27;;;;;5043.0;455.4453125
0;26100;STARFRUIT;5042;1;5038;2;5037;25;5043;1;5044;24;;;5042.5;456.34765625
0;26100;AMETHYSTS;10002;1;9998;3;9996;1;10004;1;10005;24;;;10003.0;425.0
0;26200;AMETHYSTS;10002;1;9996;2;9995;27;10004;2;10005;27;;;10003.0;427.0
0;26200;STARFRUIT;5037;29;;;;;5043;2;5044;27;;;5040.0;458.05078125
0;26300;AMETHYSTS;9996;1;9995;25;;;10002;1;10004;1;10005;25;9999.0;429.0
0;26300;STARFRUIT;5037;26;;;;;5038;1;5044;26;;;5037.5;464.046875
0;26400;AMETHYSTS;9995;27;;;;;10005;27;;;;;10000.0;429.0
0;26400;STARFRUIT;5037;27;;;;;5044;27;;;;;5040.5;469.546875
0;26500;STARFRUIT;5038;22;;;;;5044;1;5045;21;;;5041.0;472.3515625
0;26500;AMETHYSTS;9996;1;9995;21;;;10004;1;10005;21;;;10000.0;429.0
0;26600;AMETHYSTS;9996;2;9995;29;;;9998;4;10004;2;10005;29;9997.0;429.0
0;26600;STARFRUIT;5037;31;;;;;5044;31;;;;;5040.5;465.2578125
0;26700;AMETHYSTS;9995;26;;;;;10005;26;;;;;10000.0;437.0
0;26700;STARFRUIT;5042;1;5038;8;5037;26;5044;26;;;;;5043.0;463.9375
0;26800;AMETHYSTS;10002;1;9998;7;9995;20;10005;20;;;;;10003.5;437.0
0;26800;STARFRUIT;5037;20;;;;;5044;20;;;;;5040.5;466.9453125
0;26900;STARFRUIT;5037;22;;;;;5044;22;;;;;5040.5;467.8671875
0;26900;AMETHYSTS;9995;22;;;;;10005;22;;;;;10000.0;439.0
0;27000;AMETHYSTS;9998;2;9996;1;9995;26;10004;1;10005;26;;;10001.0;439.0
0;27000;STARFRUIT;5037;27;;;;;5042;6;5044;27;;;5039.5;464.3984375
0;27100;AMETHYSTS;9996;2;9995;27;;;9998;1;10002;10;10004;2;9997.0;439.0
0;27100;STARFRUIT;5043;1;5037;29;;;5044;29;;;;;5043.5;467.51953125
0;27200;AMETHYSTS;9998;3;9996;2;9995;23;10004;2;10005;23;;;10001.0;441.0
0;27200;STARFRUIT;5042;1;5038;7;5037;25;5043;2;5044;23;;;5042.5;465.984375
0;27300;STARFRUIT;5037;25;;;;;5038;1;5044;25;;;5037.5;473.375
0;27300;AMETHYSTS;9995;25;;;;;10002;8;10005;25;;;9998.5;441.0
0;27400;AMETHYSTS;9996;1;9995;22;;;9998;3;10004;1;10005;22;9997.0;441.0
0;27400;STARFRUIT;5041;6;5039;1;5038;22;5045;23;;;;;5043.0;483.96484375
0;27500;AMETHYSTS;9995;30;;;;;10005;30;;;;;10000.0;447.0
0;27500;STARFRUIT;5038;30;;;;;5045;30;;;;;5041.5;482.40625
0;27600;AMETHYSTS;9996;2;9995;26;;;10002;4;10004;2;10005;26;9999.0;447.0
0;27600;STARFRUIT;5043;1;5039;6;5038;28;5045;28;;;;;5044.0;480.52734375
0;27700;STARFRUIT;5038;32;;;;;5045;32;;;;;5041.5;482.875
0;27700;AMETHYSTS;9996;2;9995;30;;;10004;2;10005;30;;;10000.0;447.0
0;27800;AMETHYSTS;9998;2;9996;2;9995;20;10004;2;10005;20;;;10001.0;447.0
0;27800;STARFRUIT;5039;5;5038;22;;;5044;2;5045;20;;;5041.5;479.38671875
0;27900;AMETHYSTS;9995;29;;;;;10005;29;;;;;10000.0;447.0
0;27900;STARFRUIT;5038;29;;;;;5043;8;5045;29;;;5040.5;484.17578125
0;28000;AMETHYSTS;9995;22;;;;;10005;22;;;;;10000.0;447.0
0;28000;STARFRUIT;5039;4;5038;22;;;5045;22;;;;;5042.0;482.671875
0;28100;STARFRUIT;5039;21;;;;;5046;21;;;;;5042.5;490.01953125
0;28100;AMETHYSTS;9996;1;9995;20;;;10004;1;10005;20;;;10000.0;447.0
0;28200;AMETHYSTS;9995;23;;;;;10005;23;;;;;10000.0;456.0
0;28200;STARFRUIT;5039;23;;;;;5046;23;;;;;5042.5;489.4921875
0;28300;AMETHYSTS;9996;2;9995;28;;;10004;2;10005;28;;;10000.0;456.0
0;28300;STARFRUIT;5039;30;;;;;5045;2;5046;28;;;5042.0;488.11328125
0;28400;AMETHYSTS;9995;20;;;;;10002;8;10005;20;;;9998.5;456.0
0;28400;STARFRUIT;5039;20;;;;;5046;20;;;;;5042.5;489.17578125
0;28500;STARFRUIT;5039;5;5038;28;;;5045;30;;;;;5042.0;485.94140625
0;28500;AMETHYSTS;9996;2;9995;28;;;10004;2;10005;28;;;10000.0;456.0
0;28600;AMETHYSTS;9996;2;9995;26;;;10000;5;10002;5;10004;2;9998.0;456.0
0;28600;STARFRUIT;5039;27;;;;;5042;5;5045;2;5046;26;5040.5;487.90234375
0;28700;AMETHYSTS;9998;8;9996;2;9995;22;10004;2;10005;22;;;10001.0;456.0
0;28700;STARFRUIT;5039;23;;;;;5045;2;5046;22;;;5042.0;487.9765625
0;28800;AMETHYSTS;9995;21;;;;;10002;8;10005;21;;;9998.5;456.0
0;28800;STARFRUIT;5038;21;;;;;5046;21;;;;;5042.0;486.8828125
0;28900;STARFRUIT;5040;1;5039;23;;;5045;1;5046;22;;;5042.5;488.36328125
0;28900;AMETHYSTS;9996;1;9995;22;;;10002;5;10004;1;10005;22;9999.0;456.0
0;29000;AMETHYSTS;10002;1;9996;2;9995;24;10004;2;10005;24;;;10003.0;456.0
0;29000;STARFRUIT;5039;26;;;;;5045;2;5046;24;;;5042.0;488.5703125
0;29100;AMETHYSTS;9995;23;;;;;10002;2;10005;23;;;9998.5;458.0
0;29100;STARFRUIT;5039;23;;;;;5046;23;;;;;5042.5;488.1640625
0;29200;AMETHYSTS;9996;1;9995;22;;;10004;1;10005;22;;;10000.0;458.0
0;29200;STARFRUIT;5040;1;5039;22;;;5046;23;;;;;5043.0;493.984375
0;29300;STARFRUIT;5040;23;;;;;5046;1;5047;22;;;5043.0;496.25390625
0;29300;AMETHYSTS;9996;1;9995;22;;;10004;1;10005;22;;;10000.0;458.0
0;29400;AMETHYSTS;9996;2;9995;23;;;10002;4;10004;2;10005;23;9999.0;458.0
0;29400;STARFRUIT;5039;25;;;;;5046;25;;;;;5042.5;492.0234375
0;29500;AMETHYSTS;9998;6;9995;20;;;10005;20;;;;;10001.5;458.0
0;29500;STARFRUIT;5039;20;;;;;5040;1;5046;20;;;5039.5;493.92578125
0;29600;AMETHYSTS;9996;1;9995;26;;;10000;4;10004;1;10005;26;9998.0;458.0
0;29600;STARFRUIT;5040;1;5039;26;;;5042;4;5046;27;;;5041.0;496.31640625
0;29700;STARFRUIT;5040;23;;;;;5045;8;5046;1;5047;22;5042.5;489.0
0;29700;AMETHYSTS;9996;1;9995;22;;;10002;7;10004;1;10005;22;9999.0;458.0
0;29800;STARFRUIT;5045;1;5040;4;5039;25;5047;25;;;;;5046.0;489.0
0;29800;AMETHYSTS;9995;25;;;;;10005;25;;;;;10000.0;458.0
0;29900;AMETHYSTS;9996;2;9995;30;;;10004;2;10005;30;;;10000.0;478.0
0;29900;STARFRUIT;5040;32;;;;;5047;32;;;;;5043.5;490.40771484375
0;30000;STARFRUIT;5041;6;5040;23;;;5047;25;;;;;5044.0;522.8984375
0;30000;AMETHYSTS;9998;10;9996;2;9995;23;10004;2;10005;23;;;10001.0;478.0
0;30100;STARFRUIT;5041;1;5040;20;;;5047;21;;;;;5044.0;522.734375
0;30100;AMETHYSTS;9996;1;9995;20;;;10004;1;10005;20;;;10000.0;478.0
0;30200;STARFRUIT;5041;30;;;;;5048;30;;;;;5044.5;515.828125
0;30200;AMETHYSTS;9996;2;9995;28;;;9998;1;10002;8;10004;2;9997.0;478.0
0;30300;AMETHYSTS;10002;4;9996;2;9995;29;10004;2;10005;29;;;10003.0;480.0
0;30300;STARFRUIT;5041;31;;;;;5046;1;5047;2;5048;29;5043.5;518.7265625
0;30400;STARFRUIT;5045;2;5040;30;;;5047;30;;;;;5046.0;527.53125
0;30400;AMETHYSTS;9995;30;;;;;10005;30;;;;;10000.0;488.0
0;30500;STARFRUIT;5040;7;5039;28;;;5046;30;;;;;5043.0;541.6171875
0;30500;AMETHYSTS;9996;2;9995;28;;;10004;2;10005;28;;;10000.0;488.0
0;30600;STARFRUIT;5040;32;;;;;5045;7;5046;2;5047;30;5042.5;538.59375
0;30600;AMETHYSTS;10002;1;9996;2;9995;30;10004;2;10005;30;;;10003.0;488.0
0;30700;AMETHYSTS;9996;2;9995;27;;;10004;2;10005;27;;;10000.0;490.0
0;30700;STARFRUIT;5039;29;;;;;5046;29;;;;;5042.5;545.546875
0;30800;STARFRUIT;5039;2;5038;29;;;5045;31;;;;;5042.0;558.8125
0;30800;AMETHYSTS;9998;8;9996;2;9995;29;10004;2;10005;29;;;10001.0;490.0
0;30900;STARFRUIT;5038;21;;;;;5043;7;5045;21;;;5040.5;559.96875
0;30900;AMETHYSTS;9995;21;;;;;10005;21;;;;;10000.0;490.0
0;31000;STARFRUIT;5043;1;5042;5;5038;28;5045;28;;;;;5044.0;569.8203125
0;31000;AMETHYSTS;9996;2;9995;26;;;10002;2;10004;2;10005;26;9999.0;490.0
0;31100;AMETHYSTS;10002;1;9995;23;;;10005;23;;;;;10003.5;491.0
0;31100;STARFRUIT;5038;23;;;;;5039;9;5045;23;;;5038.5;570.0
0;31200;STARFRUIT;5037;21;;;;;5042;8;5044;22;;;5039.5;597.15234375
0;31200;AMETHYSTS;9996;1;9995;21;;;10002;6;10004;1;10005;21;9999.0;493.0
0;31300;STARFRUIT;5038;22;;;;;5044;2;5045;20;;;5041.0;595.08203125
0;31300;AMETHYSTS;9996;2;9995;20;;;10004;2;10005;20;;;10000.0;500.0
0;31400;STARFRUIT;5038;22;;;;;5045;22;;;;;5041.5;592.03515625
0;31400;AMETHYSTS;9995;22;;;;;10005;22;;;;;10000.0;500.0
0;31500;AMETHYSTS;9996;1;9995;21;;;10004;1;10005;21;;;10000.0;500.0
0;31500;STARFRUIT;5038;22;;;;;5045;22;;;;;5041.5;591.7734375
0;31600;STARFRUIT;5039;24;;;;;5046;24;;;;;5042.5;583.2578125
0;31600;AMETHYSTS;9995;24;;;;;9998;3;10005;24;;;9996.5;500.0
0;31700;STARFRUIT;5038;29;;;;;5045;29;;;;;5041.5;588.0625
0;31700;AMETHYSTS;9995;29;;;;;10002;3;10005;29;;;9998.5;506.0
0;31800;STARFRUIT;5043;2;5038;24;;;5045;24;;;;;5044.0;590.66796875
0;31800;AMETHYSTS;9996;2;9995;22;;;10002;2;10004;2;10005;22;9999.0;518.0
0;31900;AMETHYSTS;9996;2;9995;26;;;10004;2;10005;26;;;10000.0;518.0
0;31900;STARFRUIT;5039;6;5038;28;;;5045;28;;;;;5042.0;592.609375
0;32000;STARFRUIT;5038;22;;;;;5045;22;;;;;5041.5;595.98046875
0;32000;AMETHYSTS;9996;2;9995;20;;;10002;10;10004;2;10005;20;9999.0;518.0
0;32100;AMETHYSTS;9998;9;9995;25;;;10005;25;;;;;10001.5;518.0
0;32100;STARFRUIT;5037;25;;;;;5044;25;;;;;5040.5;602.65625
0;32200;AMETHYSTS;9996;1;9995;24;;;10002;5;10004;1;10005;24;9999.0;520.0
0;32200;STARFRUIT;5037;25;;;;;5044;25;;;;;5040.5;609.9609375
0;32300;AMETHYSTS;10000;3;9996;2;9995;30;10004;2;10005;30;;;10002.0;520.0
0;32300;STARFRUIT;5040;3;5038;2;5037;30;5044;32;;;;;5042.0;607.234375
0;32400;STARFRUIT;5037;29;;;;;5044;29;;;;;5040.5;610.3359375
0;32400;AMETHYSTS;9998;2;9995;29;;;10005;29;;;;;10001.5;520.0
0;32500;AMETHYSTS;10002;1;9996;2;9995;24;10004;2;10005;24;;;10003.0;520.0
0;32500;STARFRUIT;5038;1;5037;26;;;5043;2;5044;24;;;5040.5;615.578125
0;32600;AMETHYSTS;9998;1;9996;2;9995;26;10004;2;10005;26;;;10001.0;522.0
0;32600;STARFRUIT;5037;28;;;;;5044;28;;;;;5040.5;629.3046875
0;32700;AMETHYSTS;9996;2;9995;30;;;10004;2;10005;30;;;10000.0;522.0
0;32700;STARFRUIT;5038;32;;;;;5044;2;5045;30;;;5041.0;617.6875
0;32800;STARFRUIT;5038;29;;;;;5045;29;;;;;5041.5;615.609375
0;32800;AMETHYSTS;9995;29;;;;;10005;29;;;;;10000.0;522.0
0;32900;AMETHYSTS;9996;1;9995;20;;;10002;10;10004;1;10005;20;9999.0;522.0
0;32900;STARFRUIT;5038;1;5037;20;;;5044;21;;;;;5041.0;623.390625
0;33000;AMETHYSTS;9998;2;9995;28;;;10005;28;;;;;10001.5;522.0
0;33000;STARFRUIT;5037;28;;;;;5042;4;5044;28;;;5039.5;620.828125
0;33100;AMETHYSTS;9996;1;9995;25;;;10004;1;10005;25;;;10000.0;522.0
0;33100;STARFRUIT;5037;26;;;;;5044;26;;;;;5040.5;624.40625
0;33200;STARFRUIT;5038;24;;;;;5043;5;5044;1;5045;23;5040.5;616.6875
0;33200;AMETHYSTS;9996;1;9995;23;;;10004;1;10005;23;;;10000.0;522.0
0;33300;AMETHYSTS;9996;1;9995;30;;;10002;1;10004;1;10005;30;9999.0;522.0
0;33300;STARFRUIT;5038;31;;;;;5045;31;;;;;5041.5;613.3203125
0;33400;AMETHYSTS;9995;20;;;;;10005;20;;;;;10000.0;522.0
0;33400;STARFRUIT;5037;20;;;;;5042;2;5044;20;;;5039.5;622.1015625
0;33500;AMETHYSTS;9996;2;9995;21;;;10002;4;10004;2;10005;21;9999.0;522.0
0;33500;STARFRUIT;5038;2;5037;21;;;5044;23;;;;;5041.0;621.5703125
0;33600;STARFRUIT;5037;27;;;;;5044;27;;;;;5040.5;634.5859375
0;33600;AMETHYSTS;9995;27;;;;;9998;2;10005;27;;;9996.5;522.0
0;33700;AMETHYSTS;9996;1;9995;25;;;10004;1;10005;25;;;10000.0;526.0
0;33700;STARFRUIT;5037;1;5036;25;;;5041;6;5043;26;;;5039.0;640.421875
0;33800;AMETHYSTS;9995;21;;;;;10002;4;10005;21;;;9998.5;526.0
0;33800;STARFRUIT;5036;21;;;;;5043;21;;;;;5039.5;648.640625
0;33900;AMETHYSTS;9996;1;9995;27;;;10004;1;10005;27;;;10000.0;526.0
0;33900;STARFRUIT;5035;28;;;;;5042;28;;;;;5038.5;658.4375
0;34000;STARFRUIT;5041;1;5036;2;5035;28;5042;30;;;;;5041.5;655.609375
0;34000;AMETHYSTS;9996;2;9995;28;;;10004;2;10005;28;;;10000.0;562.0
0;34100;AMETHYSTS;9996;2;9995;25;;;10004;2;10005;25;;;10000.0;562.0
0;34100;STARFRUIT;5036;2;5035;25;;;5042;27;;;;;5039.0;659.5859375
0;34200;AMETHYSTS;9996;2;9995;30;;;10002;2;10004;2;10005;30;9999.0;562.0
0;34200;STARFRUIT;5036;32;;;;;5043;32;;;;;5039.5;642.34375
0;34300;STARFRUIT;5036;28;;;;;5043;29;;;;;5039.5;647.9375
0;34300;AMETHYSTS;9996;1;9995;28;;;10004;1;10005;28;;;10000.0;562.0
0;34400;AMETHYSTS;9996;2;9995;28;;;10004;2;10005;28;;;10000.0;562.0
0;34400;STARFRUIT;5036;30;;;;;5043;30;;;;;5039.5;645.078125
0;34500;AMETHYSTS;9996;2;9995;22;;;10004;2;10005;22;;;10000.0;562.0
0;34500;STARFRUIT;5037;24;;;;;5044;24;;;;;5040.5;630.8828125
0;34600;AMETHYSTS;9995;24;;;;;10005;24;;;;;10000.0;562.0
0;34600;STARFRUIT;5037;24;;;;;5044;24;;;;;5040.5;637.40625
0;34700;STARFRUIT;5037;7;5036;25;;;5043;25;;;;;5040.0;651.3125
0;34700;AMETHYSTS;9996;2;9995;23;;;10004;2;10005;23;;;10000.0;562.0
0;34800;AMETHYSTS;9998;3;9996;2;9995;22;10004;2;10005;22;;;10001.0;562.0
0;34800;STARFRUIT;5036;22;;;;;5037;8;5043;24;;;5036.5;647.671875
0;34900;AMETHYSTS;9995;24;;;;;10005;24;;;;;10000.0;562.0
0;34900;STARFRUIT;5037;24;;;;;5044;24;;;;;5040.5;663.390625
0;35000;AMETHYSTS;9995;29;;;;;10005;29;;;;;10000.0;562.0
0;35000;STARFRUIT;5037;29;;;;;5044;29;;;;;5040.5;663.171875
0;35100;STARFRUIT;5037;23;;;;;5044;23;;;;;5040.5;664.6484375
0;35100;AMETHYSTS;9996;2;9995;21;;;10004;2;10005;21;;;10000.0;562.0
0;35200;AMETHYSTS;9995;24;;;;;10005;24;;;;;10000.0;562.0
0;35200;STARFRUIT;5037;24;;;;;5042;3;5044;24;;;5039.5;661.953125
0;35300;AMETHYSTS;9998;8;9996;1;9995;22;10004;1;10005;22;;;10001.0;562.0
0;35300;STARFRUIT;5038;8;5037;23;;;5044;23;;;;;5041.0;663.5859375
0;35400;AMETHYSTS;10002;1;9996;2;9995;25;10004;2;10005;25;;;10003.0;562.0
0;35400;STARFRUIT;5037;27;;;;;5044;27;;;;;5040.5;658.9140625
0;35500;STARFRUIT;5037;29;;;;;5044;29;;;;;5040.5;663.7265625
0;35500;AMETHYSTS;9996;2;9995;27;;;10004;2;10005;27;;;10000.0;564.0
0;35600;AMETHYSTS;9996;1;9995;23;;;10002;3;10004;1;10005;23;9999.0;564.0
0;35600;STARFRUIT;5038;1;5037;23;;;5044;24;;;;;5041.0;658.12109375
0;35700;AMETHYSTS;9996;2;9995;29;;;10002;9;10004;2;10005;29;9999.0;564.0
0;35700;STARFRUIT;5037;31;;;;;5044;31;;;;;5040.5;658.8984375
0;35800;AMETHYSTS;9996;2;9995;21;;;10004;2;10005;21;;;10000.0;564.0
0;35800;STARFRUIT;5037;8;5036;21;;;5043;2;5044;21;;;5040.0;691.9921875
0;35900;STARFRUIT;5036;30;;;;;5043;30;;;;;5039.5;705.25
0;35900;AMETHYSTS;9996;2;9995;28;;;10004;2;10005;28;;;10000.0;564.0
0;36000;AMETHYSTS;9995;30;;;;;10000;2;10002;9;10005;30;9997.5;564.0
0;36000;STARFRUIT;5036;30;;;;;5039;2;5041;2;5043;30;5037.5;705.296875
0;36100;AMETHYSTS;9998;7;9996;2;9995;21;10004;2;10005;21;;;10001.0;564.0
0;36100;STARFRUIT;5036;23;;;;;5041;6;5043;23;;;5038.5;704.1796875
0;36200;AMETHYSTS;9998;5;9996;1;9995;29;10004;1;10005;29;;;10001.0;564.0
0;36200;STARFRUIT;5036;1;5035;29;;;5042;30;;;;;5039.0;714.875
0;36300;STARFRUIT;5035;31;;;;;5042;31;;;;;5038.5;716.4296875
0;36300;AMETHYSTS;9996;1;9995;30;;;10004;1;10005;30;;;10000.0;564.0
0;36400;AMETHYSTS;9996;1;9995;28;;;10002;8;10004;1;10005;28;9999.0;564.0
0;36400;STARFRUIT;5036;2;5035;28;;;5042;29;;;;;5039.0;714.546875
0;36500;AMETHYSTS;9996;2;9995;27;;;10004;2;10005;27;;;10000.0;564.0
0;36500;STARFRUIT;5035;28;;;;;5042;29;;;;;5038.5;720.8515625
0;36600;AMETHYSTS;9996;1;9995;30;;;10000;2;10004;1;10005;30;9998.0;564.0
0;36600;STARFRUIT;5035;31;;;;;5038;2;5042;31;;;5036.5;725.53125
0;36700;STARFRUIT;5035;22;;;;;5042;22;;;;;5038.5;722.828125
0;36700;AMETHYSTS;10002;1;9996;1;9995;21;10004;1;10005;21;;;10003.0;564.0
0;36800;AMETHYSTS;9996;2;9995;23;;;10004;2;10005;23;;;10000.0;566.0
0;36800;STARFRUIT;5035;25;;;;;5042;25;;;;;5038.5;718.6953125
0;36900;AMETHYSTS;9998;6;9995;22;;;10005;22;;;;;10001.5;566.0
0;36900;STARFRUIT;5035;22;;;;;5042;22;;;;;5038.5;718.9453125
0;37000;AMETHYSTS;9996;2;9995;20;;;10004;2;10005;20;;;10000.0;566.0
0;37000;STARFRUIT;5036;2;5035;20;;;5042;22;;;;;5039.0;716.9140625
0;37100;STARFRUIT;5039;5;5036;24;;;5043;24;;;;;5041.0;713.0703125
0;37100;AMETHYSTS;10000;5;9995;24;;;10005;24;;;;;10002.5;566.0
0;37200;AMETHYSTS;9996;2;9995;27;;;10004;2;10005;27;;;10000.0;566.0
0;37200;STARFRUIT;5037;2;5036;27;;;5043;29;;;;;5040.0;707.96875
0;37300;AMETHYSTS;9996;1;9995;22;;;10004;1;10005;22;;;10000.0;566.0
0;37300;STARFRUIT;5037;23;;;;;5042;4;5044;23;;;5039.5;695.1796875
0;37400;AMETHYSTS;9995;22;;;;;10005;22;;;;;10000.0;575.0
0;37400;STARFRUIT;5038;4;5037;22;;;5044;22;;;;;5041.0;688.65625
0;37500;STARFRUIT;5040;5;5037;31;;;5044;31;;;;;5042.0;690.7734375
0;37500;AMETHYSTS;10000;5;9996;1;9995;30;10004;1;10005;30;;;10002.0;575.0
0;37600;AMETHYSTS;9996;1;9995;24;;;10004;1;10005;24;;;10000.0;575.0
0;37600;STARFRUIT;5037;25;;;;;5042;5;5044;25;;;5039.5;696.03125
0;37700;AMETHYSTS;10002;1;9995;20;;;10005;20;;;;;10003.5;605.0
0;37700;STARFRUIT;5037;20;;;;;5044;20;;;;;5040.5;723.0546875
0;37800;AMETHYSTS;9996;2;9995;23;;;10004;2;10005;23;;;10000.0;607.0
0;37800;STARFRUIT;5037;25;;;;;5043;2;5044;23;;;5040.0;722.1328125
0;37900;STARFRUIT;5038;29;;;;;5044;2;5045;27;;;5041.0;711.91015625
0;37900;AMETHYSTS;9996;2;9995;27;;;10004;2;10005;27;;;10000.0;613.0
0;38000;AMETHYSTS;9998;3;9995;30;;;10005;30;;;;;10001.5;613.0
0;38000;STARFRUIT;5038;30;;;;;5045;30;;;;;5041.5;709.4453125
0;38100;AMETHYSTS;9998;4;9996;1;9995;28;10004;1;10005;28;;;10001.0;613.0
0;38100;STARFRUIT;5038;29;;;;;5043;4;5045;29;;;5040.5;710.08984375
0;38200;AMETHYSTS;9998;4;9996;2;9995;29;10004;2;10005;29;;;10001.0;613.0
0;38200;STARFRUIT;5039;2;5038;29;;;5045;31;;;;;5042.0;702.3203125
0;38300;STARFRUIT;5040;5;5039;22;;;5046;22;;;;;5043.0;697.1171875
0;38300;AMETHYSTS;9995;22;;;;;10005;22;;;;;10000.0;613.0
0;38400;AMETHYSTS;9996;2;9995;29;;;10004;2;10005;29;;;10000.0;613.0
0;38400;STARFRUIT;5039;31;;;;;5040;4;5046;31;;;5039.5;698.03125
0;38500;AMETHYSTS;9996;2;9995;22;;;10004;2;10005;22;;;10000.0;613.0
0;38500;STARFRUIT;5038;24;;;;;5045;24;;;;;5041.5;713.078125
0;38600;STARFRUIT;5038;31;;;;;5044;2;5045;29;;;5041.0;715.50390625
0;38600;AMETHYSTS;10002;1;9996;2;9995;29;10004;2;10005;29;;;10003.0;613.0
0;38700;STARFRUIT;5038;1;5037;20;;;5044;22;;;;;5041.0;718.265625
0;38700;AMETHYSTS;9996;2;9995;20;;;10004;2;10005;20;;;10000.0;615.0
0;38800;STARFRUIT;5038;27;;;;;5043;2;5044;2;5045;25;5040.5;715.52734375
0;38800;AMETHYSTS;9996;2;9995;25;;;10004;2;10005;25;;;10000.0;615.0
0;38900;AMETHYSTS;9996;2;9995;23;;;10004;2;10005;23;;;10000.0;615.0
0;38900;STARFRUIT;5038;25;;;;;5045;25;;;;;5041.5;713.98828125
0;39000;STARFRUIT;5039;1;5038;23;;;5041;3;5044;6;5045;1;5040.0;710.109375
0;39000;AMETHYSTS;9996;1;9995;23;;;10000;3;10004;1;10005;23;9998.0;615.0
0;39100;STARFRUIT;5039;8;5038;30;;;5045;30;;;;;5042.0;711.73828125
0;39100;AMETHYSTS;9996;2;9995;28;;;9998;3;10004;2;10005;28;9997.0;615.0
0;39200;STARFRUIT;5039;5;5038;21;;;5041;4;5045;21;;;5040.0;712.78515625
0;39200;AMETHYSTS;9995;21;;;;;10000;4;10005;21;;;9997.5;623.0
0;39300;AMETHYSTS;9995;24;;;;;10005;24;;;;;10000.0;631.0
0;39300;STARFRUIT;5038;24;;;;;5045;24;;;;;5041.5;718.9609375
0;39400;STARFRUIT;5038;21;;;;;5045;21;;;;;5041.5;721.009765625
0;39400;AMETHYSTS;9995;21;;;;;10005;21;;;;;10000.0;631.0
0;39500;STARFRUIT;5038;29;;;;;5043;3;5045;29;;;5040.5;719.75
0;39500;AMETHYSTS;9995;29;;;;;10005;29;;;;;10000.0;631.0
0;39600;STARFRUIT;5038;31;;;;;5045;31;;;;;5041.5;719.42578125
0;39600;AMETHYSTS;9996;1;9995;30;;;10004;1;10005;30;;;10000.0;631.0
0;39700;AMETHYSTS;9996;1;9995;29;;;10000;6;10004;1;10005;29;9998.0;631.0
0;39700;STARFRUIT;5038;29;;;;;5041;6;5045;30;;;5039.5;716.87109375
0;39800;STARFRUIT;5038;24;;;;;5044;2;5045;22;;;5041.0;720.7890625
0;39800;AMETHYSTS;9996;2;9995;22;;;9998;1;10004;2;10005;22;9997.0;631.0
0;39900;STARFRUIT;5038;29;;;;;5043;7;5045;29;;;5040.5;719.9453125
0;39900;AMETHYSTS;9998;10;9996;1;9995;28;10004;1;10005;28;;;10001.0;633.0
0;40000;STARFRUIT;5037;26;;;;;5044;26;;;;;5040.5;724.2890625
0;40000;AMETHYSTS;10002;11;9996;1;9995;25;10004;1;10005;25;;;10003.0;633.0
0;40100;AMETHYSTS;9995;30;;;;;10005;30;;;;;10000.0;655.0
0;40100;STARFRUIT;5037;30;;;;;5042;4;5044;30;;;5039.5;760.01953125
0;40200;STARFRUIT;5037;25;;;;;5044;25;;;;;5040.5;758.59765625
0;40200;AMETHYSTS;9996;1;9995;24;;;10002;7;10004;1;10005;24;9999.0;655.0
0;40300;STARFRUIT;5037;1;5036;29;;;5043;30;;;;;5040.0;773.791015625
0;40300;AMETHYSTS;10002;4;9996;1;9995;29;10004;1;10005;29;;;10003.0;655.0
0;40400;STARFRUIT;5037;25;;;;;5043;2;5044;23;;;5040.0;774.3994140625
0;40400;AMETHYSTS;9996;2;9995;23;;;10004;2;10005;23;;;10000.0;663.0
0;40500;AMETHYSTS;9996;1;9995;21;;;10004;1;10005;21;;;10000.0;663.0
0;40500;STARFRUIT;5037;22;;;;;5044;22;;;;;5040.5;774.671875
0;40600;STARFRUIT;5037;28;;;;;5045;28;;;;;5041.0;801.9296875
0;40600;AMETHYSTS;10002;1;9995;28;;;10005;28;;;;;10003.5;663.0
0;40700;STARFRUIT;5044;1;5039;6;5038;30;5045;30;;;;;5044.5;796.359375
0;40700;AMETHYSTS;9998;10;9996;1;9995;29;10004;1;10005;29;;;10001.0;665.0
0;40800;STARFRUIT;5038;21;;;;;5045;21;;;;;5041.5;797.59375
0;40800;AMETHYSTS;9995;21;;;;;10005;21;;;;;10000.0;665.0
0;40900;AMETHYSTS;9998;2;9995;25;;;10005;25;;;;;10001.5;665.0
0;40900;STARFRUIT;5040;3;5039;25;;;5046;25;;;;;5043.0;789.765625
0;41000;STARFRUIT;5039;21;;;;;5042;2;5044;7;5045;1;5040.5;790.3203125
0;41000;AMETHYSTS;9998;10;9996;1;9995;20;10000;2;10004;1;10005;20;9999.0;665.0
0;41100;AMETHYSTS;9996;2;9995;23;;;10004;2;10005;23;;;10000.0;665.0
0;41100;STARFRUIT;5038;25;;;;;5045;25;;;;;5041.5;796.1484375
0;41200;AMETHYSTS;9995;20;;;;;10005;20;;;;;10000.0;665.0
0;41200;STARFRUIT;5038;20;;;;;5046;20;;;;;5042.0;793.2265625
0;41300;AMETHYSTS;9995;27;;;;;10005;27;;;;;10000.0;665.0
0;41300;STARFRUIT;5039;8;5038;27;;;5045;27;;;;;5042.0;795.96484375
0;41400;STARFRUIT;5039;30;;;;;5046;30;;;;;5042.5;789.0703125
0;41400;AMETHYSTS;9996;1;9995;29;;;10004;1;10005;29;;;10000.0;665.0
0;41500;AMETHYSTS;9996;2;9995;29;;;10004;2;10005;29;;;10000.0;665.0
0;41500;STARFRUIT;5039;9;5038;29;;;5045;31;;;;;5042.0;793.60546875
0;41600;AMETHYSTS;9995;26;;;;;10005;26;;;;;10000.0;665.0
0;41600;STARFRUIT;5038;26;;;;;5045;26;;;;;5041.5;795.32421875
0;41700;AMETHYSTS;9995;23;;;;;10005;23;;;;;10000.0;665.0
0;41700;STARFRUIT;5042;2;5038;23;;;5045;23;;;;;5043.5;799.20703125
0;41800;STARFRUIT;5038;21;;;;;5044;1;5045;21;;;5041.0;801.484375
0;41800;AMETHYSTS;9996;1;9995;21;;;10004;1;10005;21;;;10000.0;665.0
0;41900;AMETHYSTS;9995;28;;;;;10002;8;10005;28;;;9998.5;665.0
0;41900;STARFRUIT;5038;28;;;;;5045;28;;;;;5041.5;798.89453125
0;42000;AMETHYSTS;9996;1;9995;27;;;9998;1;10004;1;10005;27;9997.0;665.0
0;42000;STARFRUIT;5038;1;5037;27;;;5044;28;;;;;5041.0;803.5859375
0;42100;AMETHYSTS;10002;2;9995;22;;;10005;22;;;;;10003.5;667.0
0;42100;STARFRUIT;5039;7;5038;22;;;5045;22;;;;;5042.0;801.09375
0;42200;STARFRUIT;5038;22;;;;;5045;22;;;;;5041.5;794.08984375
0;42200;AMETHYSTS;9995;22;;;;;10005;22;;;;;10000.0;671.0
0;42300;AMETHYSTS;9996;2;9995;20;;;10004;2;10005;20;;;10000.0;671.0
0;42300;STARFRUIT;5039;22;;;;;5045;2;5046;20;;;5042.0;791.65234375
0;42400;AMETHYSTS;9996;2;9995;26;;;10002;2;10004;2;10005;26;9999.0;671.0
0;42400;STARFRUIT;5038;28;;;;;5045;28;;;;;5041.5;797.9453125
0;42500;AMETHYSTS;9995;24;;;;;10005;24;;;;;10000.0;674.0
0;42500;STARFRUIT;5038;24;;;;;5043;2;5045;24;;;5040.5;800.98828125
0;42600;STARFRUIT;5043;1;5038;28;;;5045;28;;;;;5044.0;803.09765625
0;42600;AMETHYSTS;9995;28;;;;;10005;28;;;;;10000.0;674.0
0;42700;AMETHYSTS;9996;1;9995;23;;;10004;1;10005;23;;;10000.0;674.0
0;42700;STARFRUIT;5038;24;;;;;5044;1;5045;23;;;5041.0;805.04296875
0;42800;AMETHYSTS;9995;29;;;;;10000;2;10005;29;;;9997.5;674.0
0;42800;STARFRUIT;5038;29;;;;;5041;2;5045;29;;;5039.5;804.57421875
0;42900;AMETHYSTS;10002;5;9995;20;;;10005;20;;;;;10003.5;674.0
0;42900;STARFRUIT;5038;20;;;;;5045;20;;;;;5041.5;804.1328125
0;43000;STARFRUIT;5038;27;;;;;5045;27;;;;;5041.5;804.37890625
0;43000;AMETHYSTS;9996;1;9995;26;;;10002;6;10004;1;10005;26;9999.0;684.0
0;43100;AMETHYSTS;9998;9;9996;1;9995;24;10004;1;10005;24;;;10001.0;684.0
0;43100;STARFRUIT;5038;25;;;;;5045;25;;;;;5041.5;802.30859375
0;43200;AMETHYSTS;9996;2;9995;29;;;10002;5;10004;2;10005;29;9999.0;684.0
0;43200;STARFRUIT;5038;31;;;;;5045;31;;;;;5041.5;803.47265625
0;43300;STARFRUIT;5043;1;5037;20;;;5044;20;;;;;5043.5;809.67578125
0;43300;AMETHYSTS;9998;10;9995;20;;;10005;20;;;;;10001.5;693.0
0;43400;AMETHYSTS;9996;2;9995;22;;;10004;2;10005;22;;;10000.0;693.0
0;43400;STARFRUIT;5037;24;;;;;5043;2;5044;22;;;5040.0;816.0234375
0;43500;AMETHYSTS;9996;1;9995;24;;;10002;7;10004;1;10005;24;9999.0;693.0
0;43500;STARFRUIT;5037;6;5036;25;;;5043;25;;;;;5040.0;821.0546875
0;43600;AMETHYSTS;9995;22;;;;;10002;5;10005;22;;;9998.5;693.0
0;43600;STARFRUIT;5036;22;;;;;5041;1;5043;22;;;5038.5;821.58984375
0;43700;STARFRUIT;5037;1;5036;29;;;5043;30;;;;;5040.0;819.9609375
0;43700;AMETHYSTS;9996;1;9995;29;;;10002;6;10004;1;10005;29;9999.0;693.0
0;43800;AMETHYSTS;9996;1;9995;22;;;10004;1;10005;22;;;10000.0;693.0
0;43800;STARFRUIT;5036;23;;;;;5043;23;;;;;5039.5;820.84765625
0;43900;AMETHYSTS;9996;2;9995;24;;;10002;2;10004;2;10005;24;9999.0;693.0
0;43900;STARFRUIT;5037;6;5036;26;;;5043;26;;;;;5040.0;836.5390625
0;44000;AMETHYSTS;10002;4;9998;10;9996;2;10004;2;10005;25;;;10003.0;693.0
0;44000;STARFRUIT;5036;27;;;;;5043;27;;;;;5039.5;843.1328125
0;44100;STARFRUIT;5036;24;;;;;5041;4;5042;2;5043;22;5038.5;845.4609375
0;44100;AMETHYSTS;9996;2;9995;22;;;10004;2;10005;22;;;10000.0;701.0
0;44200;AMETHYSTS;9995;24;;;;;10005;24;;;;;10000.0;701.0
0;44200;STARFRUIT;5036;24;;;;;5043;24;;;;;5039.5;839.0078125
0;44300;AMETHYSTS;9996;2;9995;24;;;9998;2;10004;2;10005;24;9997.0;701.0
0;44300;STARFRUIT;5036;26;;;;;5042;2;5043;24;;;5039.0;844.6171875
0;44400;AMETHYSTS;9996;1;9995;25;;;10002;7;10004;1;10005;25;9999.0;705.0
0;44400;STARFRUIT;5037;1;5036;26;;;5043;26;;;;;5040.0;842.9765625
0;44500;STARFRUIT;5036;30;;;;;5043;30;;;;;5039.5;843.234375
0;44500;AMETHYSTS;9995;30;;;;;10005;30;;;;;10000.0;705.0
0;44600;AMETHYSTS;9996;1;9995;21;;;10004;1;10005;21;;;10000.0;705.0
0;44600;STARFRUIT;5037;22;;;;;5043;1;5044;21;;;5040.0;831.3515625
0;44700;AMETHYSTS;9996;2;9995;25;;;10004;2;10005;25;;;10000.0;705.0
0;44700;STARFRUIT;5037;27;;;;;5042;6;5044;27;;;5039.5;825.921875
0;44800;AMETHYSTS;9995;25;;;;;10005;25;;;;;10000.0;705.0
0;44800;STARFRUIT;5037;25;;;;;5042;3;5044;25;;;5039.5;831.2421875
0;44900;STARFRUIT;5037;2;5036;21;;;5043;23;;;;;5040.0;833.140625
0;44900;AMETHYSTS;9996;2;9995;21;;;10004;2;10005;21;;;10000.0;705.0
0;45000;AMETHYSTS;9996;1;9995;27;;;10004;1;10005;27;;;10000.0;705.0
0;45000;STARFRUIT;5036;28;;;;;5037;1;5043;28;;;5036.5;838.6953125
0;45100;AMETHYSTS;9995;27;;;;;9998;1;10005;27;;;9996.5;705.0
0;45100;STARFRUIT;5036;27;;;;;5043;27;;;;;5039.5;837.515625
0;45200;AMETHYSTS;10002;1;9996;1;9995;20;10004;1;10005;20;;;10003.0;707.0
0;45200;STARFRUIT;5036;20;;;;;5043;1;5044;20;;;5039.5;835.2890625
0;45300;STARFRUIT;5037;22;;;;;5044;23;;;;;5040.5;828.671875
0;45300;AMETHYSTS;9995;23;;;;;10005;23;;;;;10000.0;709.0
0;45400;AMETHYSTS;9998;4;9995;25;;;10005;25;;;;;10001.5;709.0
0;45400;STARFRUIT;5037;25;;;;;5044;25;;;;;5040.5;825.5703125
0;45500;AMETHYSTS;9996;1;9995;20;;;9998;3;10004;1;10005;20;9997.0;709.0
0;45500;STARFRUIT;5036;21;;;;;5037;3;5043;21;;;5036.5;845.6953125
0;45600;AMETHYSTS;9996;1;9995;23;;;10004;1;10005;23;;;10000.0;715.0
0;45600;STARFRUIT;5037;1;5036;23;;;5041;6;5043;24;;;5039.0;846.7265625
0;45700;STARFRUIT;5037;2;5036;21;;;5043;23;;;;;5040.0;846.09765625
0;45700;AMETHYSTS;10002;1;9996;2;9995;21;10004;2;10005;21;;;10003.0;715.0
0;45800;AMETHYSTS;10000;5;9998;7;9996;2;10004;2;10005;30;;;10002.0;717.0
0;45800;STARFRUIT;5040;5;5037;32;;;5044;32;;;;;5042.0;838.984375
0;45900;AMETHYSTS;9998;8;9996;1;9995;25;10004;1;10005;25;;;10001.0;717.0
0;45900;STARFRUIT;5037;25;;;;;5044;26;;;;;5040.5;827.421875
0;46000;AMETHYSTS;9995;23;;;;;9998;1;10005;23;;;9996.5;717.0
0;46000;STARFRUIT;5037;23;;;;;5044;23;;;;;5040.5;831.5546875
0;46100;STARFRUIT;5039;4;5038;25;;;5045;25;;;;;5042.0;823.5703125
0;46100;AMETHYSTS;9995;25;;;;;10005;25;;;;;10000.0;727.0
0;46200;AMETHYSTS;9995;24;;;;;10005;24;;;;;10000.0;727.0
0;46200;STARFRUIT;5039;4;5038;24;;;5045;24;;;;;5042.0;822.34375
0;46300;AMETHYSTS;9996;2;9995;26;;;10004;2;10005;26;;;10000.0;727.0
0;46300;STARFRUIT;5039;2;5038;26;;;5045;28;;;;;5042.0;810.9140625
0;46400;AMETHYSTS;9995;24;;;;;10005;24;;;;;10000.0;727.0
0;46400;STARFRUIT;5044;1;5038;24;;;5045;24;;;;;5044.5;815.1640625
0;46500;STARFRUIT;5042;2;5038;30;;;5045;30;;;;;5043.5;812.66259765625
0;46500;AMETHYSTS;9996;1;9995;29;;;9998;1;10004;1;10005;29;9997.0;727.0
0;46600;AMETHYSTS;9998;1;9995;28;;;10005;28;;;;;10001.5;729.0
0;46600;STARFRUIT;5044;1;5040;4;5039;28;5046;28;;;;;5045.0;812.0
0;46700;AMETHYSTS;9996;1;9995;29;;;10004;1;10005;29;;;10000.0;729.0
0;46700;STARFRUIT;5038;30;;;;;5045;30;;;;;5041.5;814.330078125
0;46800;AMETHYSTS;9995;25;;;;;10005;25;;;;;10000.0;729.0
0;46800;STARFRUIT;5038;25;;;;;5045;25;;;;;5041.5;814.17431640625
0;46900;STARFRUIT;5039;30;;;;;5040;10;5045;1;5046;29;5039.5;813.87939453125
0;46900;AMETHYSTS;9996;1;9995;29;;;10002;3;10004;1;10005;29;9999.0;729.0
0;47000;AMETHYSTS;9996;1;9995;22;;;10004;1;10005;22;;;10000.0;729.0
0;47000;STARFRUIT;5039;23;;;;;5045;1;5046;22;;;5042.0;835.78125
0;47100;AMETHYSTS;9995;22;;;;;9998;1;10005;22;;;9996.5;729.0
0;47100;STARFRUIT;5039;22;;;;;5046;22;;;;;5042.5;838.13671875
0;47200;AMETHYSTS;9996;2;9995;21;;;10004;2;10005;21;;;10000.0;731.0
0;47200;STARFRUIT;5044;1;5039;23;;;5046;23;;;;;5045.0;836.15234375
0;47300;STARFRUIT;5040;5;5039;21;;;5046;21;;;;;5043.0;838.63671875
0;47300;AMETHYSTS;9995;21;;;;;10005;21;;;;;10000.0;731.0
0;47400;AMETHYSTS;9998;7;9995;22;;;10005;22;;;;;10001.5;731.0
0;47400;STARFRUIT;5043;5;5038;22;;;5045;22;;;;;5044.0;829.99609375
0;47500;AMETHYSTS;9996;1;9995;21;;;9998;1;10004;1;10005;21;9997.0;731.0
0;47500;STARFRUIT;5037;22;;;;;5042;5;5044;22;;;5039.5;823.1015625
0;47600;STARFRUIT;5037;21;;;;;5044;21;;;;;5040.5;815.1171875
0;47600;AMETHYSTS;9998;5;9995;21;;;10005;21;;;;;10001.5;733.0
0;47700;STARFRUIT;5037;23;;;;;5042;4;5044;23;;;5039.5;815.4296875
0;47700;AMETHYSTS;9998;1;9995;23;;;10005;23;;;;;10001.5;733.0
0;47800;STARFRUIT;5038;20;;;;;5043;7;5045;20;;;5040.5;836.96875
0;47800;AMETHYSTS;9995;20;;;;;10005;20;;;;;10000.0;733.0
0;47900;AMETHYSTS;9995;23;;;;;10005;23;;;;;10000.0;733.0
0;47900;STARFRUIT;5037;23;;;;;5044;23;;;;;5040.5;817.34375
0;48000;STARFRUIT;5037;27;;;;;5044;27;;;;;5040.5;822.234375
0;48000;AMETHYSTS;10002;2;9996;1;9995;26;10004;1;10005;26;;;10003.0;733.0
0;48100;STARFRUIT;5037;30;;;;;5042;1;5044;30;;;5039.5;823.75
0;48100;AMETHYSTS;9996;1;9995;29;;;10004;1;10005;29;;;10000.0;737.0
0;48200;STARFRUIT;5038;2;5037;26;;;5044;27;;;;;5041.0;834.4765625
0;48200;AMETHYSTS;9996;1;9995;26;;;10004;1;10005;26;;;10000.0;737.0
0;48300;AMETHYSTS;9998;4;9996;1;9995;20;10004;1;10005;20;;;10001.0;737.0
0;48300;STARFRUIT;5037;21;;;;;5038;4;5044;21;;;5037.5;826.2265625
0;48400;STARFRUIT;5037;32;;;;;5042;6;5044;32;;;5039.5;816.0
0;48400;AMETHYSTS;9996;2;9995;30;;;10004;2;10005;30;;;10000.0;737.0
0;48500;STARFRUIT;5037;29;;;;;5044;29;;;;;5040.5;816.0
0;48500;AMETHYSTS;9995;29;;;;;10005;29;;;;;10000.0;737.0
0;48600;STARFRUIT;5037;1;5036;26;;;5043;1;5044;26;;;5040.0;816.0
0;48600;AMETHYSTS;9996;1;9995;26;;;10004;1;10005;26;;;10000.0;737.0
0;48700;AMETHYSTS;9996;1;9995;22;;;10000;2;10004;1;10005;22;9998.0;737.0
0;48700;STARFRUIT;5036;23;;;;;5039;2;5043;23;;;5037.5;816.0
0;48800;STARFRUIT;5036;29;;;;;5043;29;;;;;5039.5;817.3681640625
0;48800;AMETHYSTS;9996;1;9995;28;;;10004;1;10005;28;;;10000.0;737.0
0;48900;STARFRUIT;5036;21;;;;;5043;22;;;;;5039.5;816.6005859375
0;48900;AMETHYSTS;9995;22;;;;;10005;22;;;;;10000.0;737.0
0;49000;STARFRUIT;5035;29;;;;;5042;29;;;;;5038.5;815.0673828125
0;49000;AMETHYSTS;9996;1;9995;28;;;10004;1;10005;28;;;10000.0;737.0
0;49100;AMETHYSTS;9995;30;;;;;10005;30;;;;;10000.0;743.0
0;49100;STARFRUIT;5035;30;;;;;5042;30;;;;;5038.5;814.7666015625
0;49200;STARFRUIT;5034;26;;;;;5041;26;;;;;5037.5;812.978515625
0;49200;AMETHYSTS;10002;3;9996;1;9995;25;10004;1;10005;25;;;10003.0;743.0
0;49300;STARFRUIT;5035;6;5034;29;;;5041;29;;;;;5038.0;813.66796875
0;49300;AMETHYSTS;9998;3;9995;29;;;10005;29;;;;;10001.5;747.0
0;49400;STARFRUIT;5035;23;;;;;5042;23;;;;;5038.5;814.88671875
0;49400;AMETHYSTS;9996;1;9995;22;;;10004;1;10005;22;;;10000.0;747.0
0;49500;AMETHYSTS;9996;1;9995;24;;;10004;1;10005;24;;;10000.0;747.0
0;49500;STARFRUIT;5035;25;;;;;5041;1;5042;24;;;5038.0;814.1259765625
0;49600;STARFRUIT;5036;2;5035;28;;;5038;3;5042;30;;;5037.0;815.640625
0;49600;AMETHYSTS;9996;2;9995;28;;;10000;3;10002;9;10004;2;9998.0;747.0
0;49700;STARFRUIT;5041;1;5036;6;5035;21;5042;21;;;;;5041.5;818.453125
0;49700;AMETHYSTS;9995;21;;;;;10005;21;;;;;10000.0;747.0
0;49800;AMETHYSTS;9995;20;;;;;10002;7;10005;20;;;9998.5;747.0
0;49800;STARFRUIT;5036;20;;;;;5037;1;5043;20;;;5036.5;823.4765625
0;49900;AMETHYSTS;9996;1;9995;23;;;10004;1;10005;23;;;10000.0;747.0
0;49900;STARFRUIT;5038;5;5037;24;;;5044;24;;;;;5041.0;828.80078125
0;50000;STARFRUIT;5037;26;;;;;5044;26;;;;;5040.5;829.46484375
0;50000;AMETHYSTS;9996;2;9995;24;;;10002;5;10004;2;10005;24;9999.0;747.0
0;50100;AMETHYSTS;10002;4;9996;2;9995;22;10004;2;10005;22;;;10003.0;747.0
0;50100;STARFRUIT;5037;24;;;;;5043;2;5044;22;;;5040.0;827.87109375
0;50200;AMETHYSTS;9996;1;9995;28;;;10004;1;10005;28;;;10000.0;753.0
0;50200;STARFRUIT;5036;29;;;;;5043;29;;;;;5039.5;825.435546875
0;50300;AMETHYSTS;9995;23;;;;;10005;23;;;;;10000.0;753.0
0;50300;STARFRUIT;5036;23;;;;;5041;4;5043;23;;;5038.5;826.669921875
0;50400;STARFRUIT;5037;2;5036;23;;;5038;3;5043;23;;;5037.5;825.951171875
0;50400;AMETHYSTS;9996;2;9995;21;;;10004;2;10005;21;;;10000.0;753.0
0;50500;AMETHYSTS;10000;4;9998;7;9996;1;10004;1;10005;27;;;10002.0;753.0
0;50500;STARFRUIT;5039;4;5036;28;;;5043;28;;;;;5041.0;829.7578125
0;50600;AMETHYSTS;9998;7;9996;2;9995;22;10000;5;10004;2;10005;22;9999.0;753.0
0;50600;STARFRUIT;5036;24;;;;;5039;4;5043;24;;;5037.5;829.1171875
0;50700;AMETHYSTS;9998;9;9995;20;;;10005;20;;;;;10001.5;753.0
0;50700;STARFRUIT;5036;20;;;;;5043;20;;;;;5039.5;826.0
0;50800;STARFRUIT;5037;2;5036;26;;;5043;28;;;;;5040.0;826.0
0;50800;AMETHYSTS;9998;7;9996;2;9995;26;10004;2;10005;26;;;10001.0;753.0
0;50900;AMETHYSTS;9998;2;9995;30;;;10000;5;10005;30;;;9999.0;753.0
0;50900;STARFRUIT;5036;30;;;;;5037;1;5039;5;5043;30;5036.5;826.0
0;51000;AMETHYSTS;9996;2;9995;23;;;10004;2;10005;23;;;10000.0;753.0
0;51000;STARFRUIT;5037;25;;;;;5043;2;5044;23;;;5040.0;829.0419921875
0;51100;AMETHYSTS;9995;29;;;;;10002;1;10005;29;;;9998.5;753.0
0;51100;STARFRUIT;5038;3;5037;29;;;5044;29;;;;;5041.0;829.72509765625
0;51200;STARFRUIT;5037;30;;;;;5044;30;;;;;5040.5;829.68994140625
0;51200;AMETHYSTS;9995;30;;;;;10005;30;;;;;10000.0;753.0
0;51300;AMETHYSTS;9996;2;9995;23;;;9998;5;10002;5;10004;2;9997.0;753.0
0;51300;STARFRUIT;5038;2;5037;23;;;5044;25;;;;;5041.0;829.81640625
0;51400;AMETHYSTS;9996;1;9995;22;;;10004;1;10005;22;;;10000.0;763.0
0;51400;STARFRUIT;5037;23;;;;;5042;5;5044;23;;;5039.5;829.4404296875
0;51500;AMETHYSTS;9995;21;;;;;10005;21;;;;;10000.0;763.0
0;51500;STARFRUIT;5037;21;;;;;5044;21;;;;;5040.5;830.0
0;51600;STARFRUIT;5042;3;5038;2;5037;21;5044;23;;;;;5043.0;844.4306640625
0;51600;AMETHYSTS;9996;2;9995;21;;;10002;5;10004;2;10005;21;9999.0;771.0
0;51700;AMETHYSTS;9996;2;9995;30;;;10004;2;10005;30;;;10000.0;771.0
0;51700;STARFRUIT;5038;2;5037;30;;;5044;32;;;;;5041.0;848.064453125
0;51800;AMETHYSTS;9995;25;;;;;10005;25;;;;;10000.0;771.0
0;51800;STARFRUIT;5037;25;;;;;5044;25;;;;;5040.5;849.041015625
0;51900;AMETHYSTS;9996;2;9995;26;;;10004;2;10005;26;;;10000.0;771.0
0;51900;STARFRUIT;5037;28;;;;;5044;28;;;;;5040.5;850.66796875
0;52000;AMETHYSTS;9998;2;9995;21;;;10000;5;10005;21;;;9999.0;771.0
0;52000;STARFRUIT;5038;5;5037;21;;;5040;5;5044;21;;;5039.0;849.267578125
0;52100;AMETHYSTS;9996;1;9995;27;;;10004;1;10005;27;;;10000.0;771.0
0;52100;STARFRUIT;5038;1;5037;27;;;5044;28;;;;;5041.0;852.0
0;52200;AMETHYSTS;9995;23;;;;;10005;23;;;;;10000.0;771.0
0;52200;STARFRUIT;5037;22;;;;;5044;23;;;;;5040.5;852.0
0;52300;STARFRUIT;5037;30;;;;;5044;30;;;;;5040.5;852.0
0;52300;AMETHYSTS;9995;30;;;;;10005;30;;;;;10000.0;771.0
0;52400;AMETHYSTS;10002;3;9996;1;9995;20;10004;1;10005;20;;;10003.0;771.0
0;52400;STARFRUIT;5038;1;5037;21;;;5040;4;5044;21;;;5039.0;852.0
0;52500;AMETHYSTS;9996;2;9995;25;;;10004;2;10005;25;;;10000.0;777.0
0;52500;STARFRUIT;5037;27;;;;;5043;2;5044;25;;;5040.0;852.607421875
0;52600;AMETHYSTS;9996;1;9995;30;;;10004;1;10005;30;;;10000.0;777.0
0;52600;STARFRUIT;5037;31;;;;;5043;1;5044;30;;;5040.0;852.138671875
0;52700;STARFRUIT;5042;1;5037;25;;;5043;1;5044;24;;;5042.5;852.34765625
0;52700;AMETHYSTS;9996;1;9995;24;;;10002;9;10004;1;10005;24;9999.0;813.0
0;52800;AMETHYSTS;9996;2;9995;26;;;10004;2;10005;26;;;10000.0;813.0
0;52800;STARFRUIT;5042;1;5037;28;;;5044;28;;;;;5043.0;854.701171875
0;52900;AMETHYSTS;9996;1;9995;26;;;10002;3;10004;1;10005;26;9999.0;813.0
0;52900;STARFRUIT;5036;27;;;;;5043;27;;;;;5039.5;854.9580078125
0;53000;AMETHYSTS;9996;1;9995;29;;;10004;1;10005;29;;;10000.0;813.0
0;53000;STARFRUIT;5036;1;5035;29;;;5042;30;;;;;5039.0;853.654296875
0;53100;STARFRUIT;5036;2;5035;21;;;5042;2;5043;21;;;5039.0;853.9951171875
0;53100;AMETHYSTS;9996;2;9995;21;;;9998;5;10004;2;10005;21;9997.0;813.0
0;53200;AMETHYSTS;9995;23;;;;;10005;23;;;;;10000.0;823.0
0;53200;STARFRUIT;5041;1;5036;23;;;5043;23;;;;;5042.0;854.84375
0;53300;AMETHYSTS;9995;20;;;;;10005;20;;;;;10000.0;823.0
0;53300;STARFRUIT;5036;20;;;;;5043;20;;;;;5039.5;856.10888671875
0;53400;AMETHYSTS;9996;2;9995;30;;;9998;1;10004;2;10005;30;9997.0;823.0
0;53400;STARFRUIT;5038;7;5037;32;;;5044;32;;;;;5041.0;883.88671875
0;53500;STARFRUIT;5037;25;;;;;5042;2;5044;25;;;5039.5;885.61328125
0;53500;AMETHYSTS;9995;25;;;;;10002;7;10005;25;;;9998.5;825.0
0;53600;AMETHYSTS;9998;2;9996;1;9995;22;10004;1;10005;22;;;10001.0;825.0
0;53600;STARFRUIT;5037;23;;;;;5044;23;;;;;5040.5;886.8984375
0;53700;AMETHYSTS;9995;23;;;;;10005;23;;;;;10000.0;825.0
0;53700;STARFRUIT;5038;1;5037;23;;;5044;23;;;;;5041.0;886.01953125
0;53800;AMETHYSTS;9998;8;9995;29;;;10005;29;;;;;10001.5;825.0
0;53800;STARFRUIT;5037;29;;;;;5044;29;;;;;5040.5;883.15625
0;53900;STARFRUIT;5038;1;5037;25;;;5040;4;5044;26;;;5039.0;888.421875
0;53900;AMETHYSTS;9996;1;9995;25;;;10000;4;10002;8;10004;1;9998.0;825.0
0;54000;AMETHYSTS;9996;1;9995;21;;;10002;1;10004;1;10005;21;9999.0;825.0
0;54000;STARFRUIT;5038;7;5037;22;;;5044;22;;;;;5041.0;887.51171875
0;54100;AMETHYSTS;9996;1;9995;21;;;10004;1;10005;21;;;10000.0;825.0
0;54100;STARFRUIT;5038;4;5037;22;;;5043;1;5044;21;;;5040.5;882.109375
0;54200;AMETHYSTS;9996;1;9995;20;;;10004;1;10005;20;;;10000.0;831.0
0;54200;STARFRUIT;5037;20;;;;;5043;1;5044;20;;;5040.0;885.6875
0;54300;STARFRUIT;5037;28;;;;;5043;2;5044;26;;;5040.0;885.734375
0;54300;AMETHYSTS;10002;1;9996;2;9995;26;10004;2;10005;26;;;10003.0;831.0
0;54400;AMETHYSTS;9995;22;;;;;10005;22;;;;;10000.0;833.0
0;54400;STARFRUIT;5037;22;;;;;5044;22;;;;;5040.5;894.80859375
0;54500;AMETHYSTS;9996;2;9995;27;;;10002;2;10004;2;10005;27;9999.0;833.0
0;54500;STARFRUIT;5038;29;;;;;5045;29;;;;;5041.5;898.625
0;54600;AMETHYSTS;10002;2;9996;1;9995;29;10004;1;10005;29;;;10003.0;833.0
0;54600;STARFRUIT;5038;30;;;;;5045;30;;;;;5041.5;900.98046875
0;54700;STARFRUIT;5038;1;5037;22;;;5044;1;5045;22;;;5041.0;895.92578125
0;54700;AMETHYSTS;9996;1;9995;22;;;10004;1;10005;22;;;10000.0;837.0
0;54800;AMETHYSTS;9996;2;9995;23;;;10004;2;10005;23;;;10000.0;858.0
0;54800;STARFRUIT;5039;9;5038;23;;;5045;25;;;;;5042.0;906.984375
0;54900;AMETHYSTS;9996;2;9995;22;;;10004;2;10005;22;;;10000.0;858.0
0;54900;STARFRUIT;5038;24;;;;;5043;1;5045;24;;;5040.5;905.55078125
0;55000;AMETHYSTS;9996;2;9995;20;;;10004;2;10005;20;;;10000.0;858.0
0;55000;STARFRUIT;5039;2;5038;20;;;5043;7;5045;22;;;5041.0;907.3828125
0;55100;STARFRUIT;5039;26;;;;;5045;2;5046;24;;;5042.0;909.69140625
0;55100;AMETHYSTS;9996;2;9995;24;;;10004;2;10005;24;;;10000.0;858.0
0;55200;AMETHYSTS;9998;8;9996;1;9995;25;10004;1;10005;25;;;10001.0;858.0
0;55200;STARFRUIT;5038;25;;;;;5045;26;;;;;5041.5;907.74609375
0;55300;AMETHYSTS;9995;22;;;;;10002;5;10005;22;;;9998.5;858.0
0;55300;STARFRUIT;5039;22;;;;;5044;3;5046;22;;;5041.5;910.09375
0;55400;AMETHYSTS;9998;7;9996;1;9995;27;10004;1;10005;27;;;10001.0;864.0
0;55400;STARFRUIT;5039;6;5038;27;;;5045;28;;;;;5042.0;908.48046875
0;55500;STARFRUIT;5039;2;5038;22;;;5043;2;5045;24;;;5041.0;907.48828125
0;55500;AMETHYSTS;9996;2;9995;22;;;10004;2;10005;22;;;10000.0;870.0
0;55600;AMETHYSTS;9995;23;;;;;10002;9;10005;23;;;9998.5;870.0
0;55600;STARFRUIT;5038;23;;;;;5045;23;;;;;5041.5;907.5078125
0;55700;AMETHYSTS;9996;1;9995;21;;;10002;7;10004;1;10005;21;9999.0;870.0
0;55700;STARFRUIT;5038;22;;;;;5045;22;;;;;5041.5;905.45703125
0;55800;AMETHYSTS;9996;1;9995;25;;;10004;1;10005;25;;;10000.0;870.0
0;55800;STARFRUIT;5039;8;5038;26;;;5045;26;;;;;5042.0;906.3515625
0;55900;STARFRUIT;5041;4;5038;20;;;5045;20;;;;;5043.0;904.8515625
0;55900;AMETHYSTS;9995;20;;;;;10005;20;;;;;10000.0;870.0
0;56000;AMETHYSTS;10000;2;9996;1;9995;24;10002;6;10004;1;10005;24;10001.0;870.0
0;56000;STARFRUIT;5041;2;5038;25;;;5043;7;5045;25;;;5042.0;904.796875
0;56100;AMETHYSTS;9996;1;9995;27;;;9998;1;10002;3;10004;1;9997.0;870.0
0;56100;STARFRUIT;5038;28;;;;;5044;1;5045;27;;;5041.0;900.5703125
0;56200;AMETHYSTS;9996;1;9995;30;;;10000;4;10004;1;10005;30;9998.0;872.0
0;56200;STARFRUIT;5038;31;;;;;5041;4;5044;1;5045;30;5039.5;901.421875
0;56300;STARFRUIT;5038;28;;;;;5045;28;;;;;5041.5;902.58203125
0;56300;AMETHYSTS;9995;28;;;;;10005;28;;;;;10000.0;872.0
0;56400;STARFRUIT;5038;29;;;;;5045;29;;;;;5041.5;902.98828125
0;56400;AMETHYSTS;9996;2;9995;27;;;10004;2;10005;27;;;10000.0;872.0
0;56500;AMETHYSTS;9995;21;;;;;10002;9;10005;21;;;9998.5;872.0
0;56500;STARFRUIT;5038;21;;;;;5045;21;;;;;5041.5;905.328125
0;56600;STARFRUIT;5038;2;5037;28;;;5043;3;5044;2;5045;28;5040.5;899.875
0;56600;AMETHYSTS;9996;2;9995;28;;;10002;2;10004;2;10005;28;9999.0;875.0
0;56700;STARFRUIT;5038;2;5037;27;;;5039;4;5044;27;;;5038.5;898.62109375
0;56700;AMETHYSTS;9998;5;9995;27;;;10005;27;;;;;10001.5;875.0
0;56800;STARFRUIT;5038;8;5037;23;;;5044;23;;;;;5041.0;901.8515625
0;56800;AMETHYSTS;9995;23;;;;;10005;23;;;;;10000.0;875.0
0;56900;AMETHYSTS;9996;1;9995;20;;;10004;1;10005;20;;;10000.0;875.0
0;56900;STARFRUIT;5037;21;;;;;5044;21;;;;;5040.5;897.75
0;57000;STARFRUIT;5037;22;;;;;5044;22;;;;;5040.5;903.2265625
0;57000;AMETHYSTS;9996;2;9995;20;;;10002;10;10004;2;10005;20;9999.0;875.0
0;57100;STARFRUIT;5043;1;5037;24;;;5045;24;;;;;5044.0;908.2734375
0;57100;AMETHYSTS;9998;6;9995;24;;;10005;24;;;;;10001.5;875.0
0;57200;STARFRUIT;5038;1;5037;25;;;5044;26;;;;;5041.0;906.9453125
0;57200;AMETHYSTS;9998;5;9996;1;9995;25;10004;1;10005;25;;;10001.0;875.0
0;57300;AMETHYSTS;9996;1;9995;30;;;10004;1;10005;30;;;10000.0;875.0
0;57300;STARFRUIT;5038;31;;;;;5043;1;5044;1;5045;30;5040.5;912.9453125
0;57400;STARFRUIT;5038;28;;;;;5044;1;5045;27;;;5041.0;913.375
0;57400;AMETHYSTS;9996;1;9995;27;;;10004;1;10005;27;;;10000.0;875.0
0;57500;STARFRUIT;5038;2;5037;21;;;5044;21;;;;;5041.0;909.234375
0;57500;AMETHYSTS;9995;21;;;;;10005;21;;;;;10000.0;875.0
0;57600;STARFRUIT;5040;5;5038;2;5037;20;5044;22;;;;;5042.0;908.3203125
0;57600;AMETHYSTS;10000;4;9996;2;9995;20;10004;2;10005;20;;;10002.0;875.0
0;57700;AMETHYSTS;9998;2;9996;1;9995;21;10004;1;10005;21;;;10001.0;875.0
0;57700;STARFRUIT;5037;22;;;;;5044;22;;;;;5040.5;900.03125
0;57800;STARFRUIT;5038;7;5037;28;;;5044;28;;;;;5041.0;903.71875
0;57800;AMETHYSTS;9996;2;9995;26;;;10002;4;10004;2;10005;26;9999.0;875.0
0;57900;STARFRUIT;5037;2;5036;26;;;5038;5;5043;28;;;5037.5;893.1875
0;57900;AMETHYSTS;9996;2;9995;26;;;10004;2;10005;26;;;10000.0;875.0
0;58000;STARFRUIT;5037;28;;;;;5044;28;;;;;5040.5;906.71875
0;58000;AMETHYSTS;9995;28;;;;;10005;28;;;;;10000.0;875.0
0;58100;AMETHYSTS;9998;7;9995;20;;;10005;20;;;;;10001.5;875.0
0;58100;STARFRUIT;5037;20;;;;;5044;20;;;;;5040.5;946.546875
0;58200;STARFRUIT;5037;29;;;;;5043;2;5044;27;;;5040.0;944.87109375
0;58200;AMETHYSTS;9996;2;9995;27;;;10004;2;10005;27;;;10000.0;903.0
0;58300;STARFRUIT;5037;2;5036;28;;;5043;30;;;;;5040.0;943.349609375
0;58300;AMETHYSTS;9996;2;9995;28;;;10004;2;10005;28;;;10000.0;903.0
0;58400;STARFRUIT;5037;25;;;;;5044;25;;;;;5040.5;945.01171875
0;58400;AMETHYSTS;9995;25;;;;;10005;25;;;;;10000.0;903.0
0;58500;AMETHYSTS;9998;3;9996;2;9995;20;10004;2;10005;20;;;10001.0;903.0
0;58500;STARFRUIT;5038;2;5037;20;;;5042;2;5044;22;;;5040.0;948.775390625
0;58600;STARFRUIT;5038;23;;;;;5045;23;;;;;5041.5;952.115234375
0;58600;AMETHYSTS;9996;1;9995;22;;;10004;1;10005;22;;;10000.0;903.0
0;58700;AMETHYSTS;9996;1;9995;29;;;9998;1;10000;4;10004;1;9997.0;906.0
0;58700;STARFRUIT;5038;30;;;;;5041;4;5044;1;5045;29;5039.5;953.328125
0;58800;AMETHYSTS;9996;1;9995;30;;;10004;1;10005;30;;;10000.0;908.0
0;58800;STARFRUIT;5038;1;5037;30;;;5042;5;5044;31;;;5040.0;951.0546875
0;58900;AMETHYSTS;9996;2;9995;23;;;10004;2;10005;23;;;10000.0;914.0
0;58900;STARFRUIT;5043;1;5037;25;;;5044;25;;;;;5043.5;950.3046875
0;59000;STARFRUIT;5038;1;5037;23;;;5044;1;5045;23;;;5041.0;957.9521484375
0;59000;AMETHYSTS;9996;1;9995;23;;;10004;1;10005;23;;;10000.0;920.0
0;59100;AMETHYSTS;9998;7;9996;1;9995;20;10004;1;10005;20;;;10001.0;920.0
0;59100;STARFRUIT;5038;1;5037;20;;;5044;21;;;;;5041.0;957.796875
0;59200;AMETHYSTS;10002;1;9996;2;9995;23;10004;2;10005;23;;;10003.0;920.0
0;59200;STARFRUIT;5042;10;5038;10;5037;23;5044;25;;;;;5043.0;957.583984375
0;59300;AMETHYSTS;9998;5;9995;22;;;10005;22;;;;;10001.5;922.0
0;59300;STARFRUIT;5036;22;;;;;5044;22;;;;;5040.0;956.0009765625
0;59400;STARFRUIT;5036;23;;;;;5043;23;;;;;5039.5;955.4853515625
0;59400;AMETHYSTS;10002;1;9995;23;;;10005;23;;;;;10003.5;922.0
0;59500;AMETHYSTS;9996;2;9995;22;;;10004;2;10005;22;;;10000.0;924.0
0;59500;STARFRUIT;5037;2;5036;22;;;5043;2;5044;22;;;5040.0;955.99609375
0;59600;AMETHYSTS;10002;1;9996;1;9995;24;10004;1;10005;24;;;10003.0;924.0
0;59600;STARFRUIT;5037;25;;;;;5044;25;;;;;5040.5;956.7529296875
0;59700;AMETHYSTS;9996;1;9995;25;;;10004;1;10005;25;;;10000.0;926.0
0;59700;STARFRUIT;5044;1;5038;26;;;5045;26;;;;;5044.5;959.1025390625
0;59800;STARFRUIT;5038;24;;;;;5045;24;;;;;5041.5;977.34375
0;59800;AMETHYSTS;9998;9;9996;2;9995;22;10004;2;10005;22;;;10001.0;926.0
0;59900;AMETHYSTS;9996;2;9995;23;;;10004;2;10005;23;;;10000.0;926.0
0;59900;STARFRUIT;5038;2;5037;23;;;5042;4;5044;25;;;5040.0;971.8828125
0;60000;AMETHYSTS;9996;1;9995;25;;;9998;3;10002;10;10004;1;9997.0;932.0
0;60000;STARFRUIT;5038;5;5037;26;;;5044;26;;;;;5041.0;974.69140625
0;60100;AMETHYSTS;9996;1;9995;27;;;10004;1;10005;27;;;10000.0;938.0
0;60100;STARFRUIT;5037;28;;;;;5044;28;;;;;5040.5;972.9765625
0;60200;STARFRUIT;5037;26;;;;;5044;26;;;;;5040.5;972.50390625
0;60200;AMETHYSTS;9996;1;9995;25;;;10004;1;10005;25;;;10000.0;938.0
0;60300;AMETHYSTS;9998;3;9996;1;9995;23;10004;1;10005;23;;;10001.0;938.0
0;60300;STARFRUIT;5037;24;;;;;5044;24;;;;;5040.5;972.05078125
0;60400;AMETHYSTS;9996;2;9995;22;;;9998;1;10004;2;10005;22;9997.0;938.0
0;60400;STARFRUIT;5037;24;;;;;5043;2;5044;22;;;5040.0;969.05078125
0;60500;AMETHYSTS;9995;25;;;;;10000;2;10005;25;;;9997.5;961.0
0;60500;STARFRUIT;5037;25;;;;;5040;2;5044;25;;;5038.5;968.80859375
0;60600;STARFRUIT;5037;21;;;;;5043;1;5044;21;;;5040.0;970.390625
0;60600;AMETHYSTS;9996;1;9995;21;;;10004;1;10005;21;;;10000.0;961.0
0;60700;AMETHYSTS;9998;10;9995;24;;;10005;24;;;;;10001.5;994.0
0;60700;STARFRUIT;5042;9;5037;24;;;5044;24;;;;;5043.0;973.9765625
0;60800;AMETHYSTS;9996;2;9995;26;;;10004;2;10005;26;;;10000.0;994.0
0;60800;STARFRUIT;5043;1;5037;28;;;5044;28;;;;;5043.5;987.44921875
0;60900;STARFRUIT;5043;1;5037;29;;;5044;29;;;;;5043.5;989.78369140625
0;60900;AMETHYSTS;9998;10;9995;29;;;10005;29;;;;;10001.5;994.0
0;61000;AMETHYSTS;9996;1;9995;25;;;9998;1;10004;1;10005;25;9997.0;994.0
0;61000;STARFRUIT;5037;26;;;;;5044;26;;;;;5040.5;992.0
0;61100;AMETHYSTS;9996;2;9995;29;;;10004;2;10005;29;;;10000.0;996.0
0;61100;STARFRUIT;5037;31;;;;;5044;31;;;;;5040.5;992.0
0;61200;AMETHYSTS;9998;1;9995;22;;;10005;22;;;;;10001.5;996.0
0;61200;STARFRUIT;5038;5;5037;22;;;5039;3;5044;22;;;5038.5;992.0
0;61300;STARFRUIT;5036;27;;;;;5043;27;;;;;5039.5;994.3984375
0;61300;AMETHYSTS;9995;27;;;;;10005;27;;;;;10000.0;996.0
0;61400;AMETHYSTS;9995;28;;;;;10005;28;;;;;10000.0;996.0
0;61400;STARFRUIT;5037;28;;;;;5044;28;;;;;5040.5;995.7998046875
0;61500;AMETHYSTS;9998;4;9995;22;;;10005;22;;;;;10001.5;996.0
0;61500;STARFRUIT;5042;1;5037;22;;;5044;22;;;;;5043.0;995.384765625
0;61600;AMETHYSTS;9996;1;9995;27;;;10004;1;10005;27;;;10000.0;996.0
0;61600;STARFRUIT;5037;28;;;;;5044;28;;;;;5040.5;998.1708984375
0;61700;STARFRUIT;5037;23;;;;;5044;23;;;;;5040.5;998.4140625
0;61700;AMETHYSTS;9996;2;9995;21;;;10004;2;10005;21;;;10000.0;996.0
0;61800;AMETHYSTS;9996;2;9995;24;;;10004;2;10005;24;;;10000.0;996.0
0;61800;STARFRUIT;5037;26;;;;;5038;1;5044;26;;;5037.5;998.169921875
0;61900;AMETHYSTS;9995;28;;;;;10002;8;10005;28;;;9998.5;996.0
0;61900;STARFRUIT;5037;28;;;;;5044;28;;;;;5040.5;1001.68359375
0;62000;AMETHYSTS;9995;24;;;;;10005;24;;;;;10000.0;996.0
0;62000;STARFRUIT;5037;24;;;;;5044;24;;;;;5040.5;1018.39453125
0;62100;STARFRUIT;5037;27;;;;;5043;2;5044;25;;;5040.0;1014.546875
0;62100;AMETHYSTS;9996;2;9995;25;;;10002;3;10004;2;10005;25;9999.0;996.0
0;62200;AMETHYSTS;9998;9;9996;2;9995;22;10004;2;10005;22;;;10001.0;996.0
0;62200;STARFRUIT;5037;24;;;;;5042;1;5044;24;;;5039.5;1019.23046875
0;62300;AMETHYSTS;9995;21;;;;;10005;21;;;;;10000.0;996.0
0;62300;STARFRUIT;5037;21;;;;;5044;21;;;;;5040.5;1020.85546875
0;62400;AMETHYSTS;9995;24;;;;;10005;24;;;;;10000.0;996.0
0;62400;STARFRUIT;5037;24;;;;;5044;24;;;;;5040.5;1021.125
0;62500;STARFRUIT;5038;2;5037;25;;;5044;27;;;;;5041.0;1021.33984375
0;62500;AMETHYSTS;9996;2;9995;25;;;10004;2;10005;25;;;10000.0;996.0
0;62600;AMETHYSTS;9998;6;9996;1;9995;21;10004;1;10005;21;;;10001.0;996.0
0;62600;STARFRUIT;5038;1;5037;21;;;5044;22;;;;;5041.0;1021.625
0;62700;AMETHYSTS;9998;3;9995;25;;;10005;25;;;;;10001.5;996.0
0;62700;STARFRUIT;5037;25;;;;;5044;25;;;;;5040.5;1016.2890625
0;62800;AMETHYSTS;9995;22;;;;;10005;22;;;;;10000.0;996.0
0;62800;STARFRUIT;5037;22;;;;;5044;22;;;;;5040.5;1055.189453125
0;62900;STARFRUIT;5037;22;;;;;5043;2;5044;20;;;5040.0;1057.2578125
0;62900;AMETHYSTS;10002;11;9998;3;9996;2;10004;2;10005;20;;;10003.0;1000.0
0;63000;AMETHYSTS;9995;30;;;;;10005;30;;;;;10000.0;1022.0
0;63000;STARFRUIT;5037;30;;;;;5044;30;;;;;5040.5;1054.619140625
0;63100;AMETHYSTS;9995;30;;;;;9998;1;10005;30;;;9996.5;1022.0
0;63100;STARFRUIT;5037;30;;;;;5044;30;;;;;5040.5;1053.87109375
0;63200;AMETHYSTS;9996;1;9995;24;;;10004;1;10005;24;;;10000.0;1024.0
0;63200;STARFRUIT;5038;25;;;;;5044;1;5045;24;;;5041.0;1052.44921875
0;63300;STARFRUIT;5043;1;5038;30;;;5045;30;;;;;5044.0;1051.525390625
0;63300;AMETHYSTS;10002;4;9995;30;;;10005;30;;;;;10003.5;1024.0
0;63400;AMETHYSTS;9996;2;9995;22;;;10004;2;10005;22;;;10000.0;1032.0
0;63400;STARFRUIT;5038;24;;;;;5044;2;5045;22;;;5041.0;1054.76953125
0;63500;AMETHYSTS;9995;28;;;;;10005;28;;;;;10000.0;1032.0
0;63500;STARFRUIT;5038;3;5037;28;;;5044;28;;;;;5041.0;1056.765625
0;63600;AMETHYSTS;9995;22;;;;;10005;22;;;;;10000.0;1032.0
0;63600;STARFRUIT;5042;1;5037;22;;;5044;22;;;;;5043.0;1058.41796875
0;63700;STARFRUIT;5037;21;;;;;5040;5;5042;7;5044;21;5038.5;1041.58203125
0;63700;AMETHYSTS;9995;21;;;;;10000;5;10002;7;10005;21;9997.5;1032.0
0;63800;AMETHYSTS;9996;1;9995;27;;;9998;1;10004;1;10005;27;9997.0;1032.0
0;63800;STARFRUIT;5036;1;5035;27;;;5042;28;;;;;5039.0;1043.8203125
0;63900;AMETHYSTS;9995;22;;;;;10000;2;10005;22;;;9997.5;1034.0
0;63900;STARFRUIT;5035;22;;;;;5039;2;5043;22;;;5037.0;1044.11328125
0;64000;AMETHYSTS;9995;30;;;;;9998;11;10002;10;10005;30;9996.5;1034.0
0;64000;STARFRUIT;5036;2;5035;30;;;5042;30;;;;;5039.0;1041.5078125
0;64100;STARFRUIT;5036;28;;;;;5041;4;5042;2;5043;26;5038.5;1044.8671875
0;64100;AMETHYSTS;9996;2;9995;26;;;10002;4;10004;2;10005;26;9999.0;1056.0
0;64200;AMETHYSTS;9996;2;9995;25;;;10004;2;10005;25;;;10000.0;1056.0
0;64200;STARFRUIT;5036;27;;;;;5043;27;;;;;5039.5;1046.4765625
0;64300;AMETHYSTS;9998;4;9996;2;9995;20;10004;2;10005;20;;;10001.0;1056.0
0;64300;STARFRUIT;5036;2;5035;22;;;5042;22;;;;;5039.0;1042.24609375
0;64400;AMETHYSTS;9996;2;9995;27;;;10004;2;10005;27;;;10000.0;1056.0
0;64400;STARFRUIT;5036;4;5035;29;;;5042;29;;;;;5039.0;1041.4140625
0;64500;STARFRUIT;5036;7;5035;22;;;5042;22;;;;;5039.0;1041.04296875
0;64500;AMETHYSTS;9996;2;9995;20;;;10004;2;10005;20;;;10000.0;1056.0
0;64600;AMETHYSTS;9996;2;9995;27;;;10004;2;10005;27;;;10000.0;1056.0
0;64600;STARFRUIT;5036;2;5035;27;;;5042;29;;;;;5039.0;1043.71484375
0;64700;AMETHYSTS;10002;1;9996;1;9995;28;10004;1;10005;28;;;10003.0;1062.0
0;64700;STARFRUIT;5036;1;5035;28;;;5042;1;5043;28;;;5039.0;1044.00390625
0;64800;AMETHYSTS;9996;1;9995;20;;;10004;1;10005;20;;;10000.0;1064.0
0;64800;STARFRUIT;5036;20;;;;;5042;1;5043;20;;;5039.0;1045.30859375
0;64900;STARFRUIT;5036;2;5035;30;;;5042;32;;;;;5039.0;1043.02734375
0;64900;AMETHYSTS;9996;2;9995;30;;;9998;4;10002;10;10004;2;9997.0;1064.0
0;65000;AMETHYSTS;9996;1;9995;26;;;10002;5;10004;1;10005;26;9999.0;1066.0
0;65000;STARFRUIT;5041;1;5036;27;;;5042;1;5043;26;;;5041.5;1044.46875
0;65100;AMETHYSTS;9998;10;9996;1;9995;25;10004;1;10005;25;;;10001.0;1066.0
0;65100;STARFRUIT;5036;1;5035;25;;;5042;26;;;;;5039.0;1045.38671875
0;65200;AMETHYSTS;9996;1;9995;28;;;10002;6;10004;1;10005;28;9999.0;1066.0
0;65200;STARFRUIT;5037;2;5036;29;;;5042;1;5043;28;;;5039.5;1047.33203125
0;65300;STARFRUIT;5036;29;;;;;5041;1;5043;29;;;5038.5;1047.03125
0;65300;AMETHYSTS;9995;29;;;;;10002;9;10005;29;;;9998.5;1066.0
0;65400;STARFRUIT;5035;21;;;;;5037;2;5042;21;;;5036.0;1044.259765625
0;65400;AMETHYSTS;9998;10;9995;21;;;10005;21;;;;;10001.5;1066.0
0;65500;AMETHYSTS;9995;20;;;;;10005;20;;;;;10000.0;1066.0
0;65500;STARFRUIT;5035;20;;;;;5042;20;;;;;5038.5;1046.59375
0;65600;STARFRUIT;5036;6;5035;20;;;5042;20;;;;;5039.0;1047.06640625
0;65600;AMETHYSTS;9998;3;9995;20;;;10005;20;;;;;10001.5;1066.0
0;65700;STARFRUIT;5035;24;;;;;5036;1;5043;24;;;5035.5;1050.1328125
0;65700;AMETHYSTS;9995;24;;;;;10005;24;;;;;10000.0;1066.0
0;65800;STARFRUIT;5037;1;5036;30;;;5043;30;;;;;5040.0;1045.35107421875
0;65800;AMETHYSTS;10002;4;9995;30;;;10005;30;;;;;10003.5;1066.0
0;65900;AMETHYSTS;9996;2;9995;24;;;10004;2;10005;24;;;10000.0;1074.0
0;65900;STARFRUIT;5037;2;5036;24;;;5043;26;;;;;5040.0;1045.97607421875
0;66000;STARFRUIT;5037;7;5036;24;;;5043;25;;;;;5040.0;1045.94140625
0;66000;AMETHYSTS;9996;1;9995;24;;;10004;1;10005;24;;;10000.0;1074.0
0;66100;STARFRUIT;5042;1;5037;25;;;5043;2;5044;23;;;5042.5;1046.177734375
0;66100;AMETHYSTS;9996;2;9995;23;;;10004;2;10005;23;;;10000.0;1074.0
0;66200;STARFRUIT;5041;5;5037;23;;;5043;1;5044;22;;;5042.0;1051.6611328125
0;66200;AMETHYSTS;10002;1;9996;1;9995;22;10004;1;10005;22;;;10003.0;1080.0
0;66300;AMETHYSTS;10000;3;9995;20;;;10002;5;10005;20;;;10001.0;1082.0
0;66300;STARFRUIT;5040;3;5037;20;;;5044;20;;;;;5042.0;1054.796875
0;66400;STARFRUIT;5037;2;5036;24;;;5043;26;;;;;5040.0;1066.3515625
0;66400;AMETHYSTS;9996;2;9995;24;;;10004;2;10005;24;;;10000.0;1082.0
0;66500;STARFRUIT;5042;1;5037;31;;;5043;1;5044;30;;;5042.5;1065.2265625
0;66500;AMETHYSTS;9996;1;9995;30;;;10004;1;10005;30;;;10000.0;1082.0
0;66600;STARFRUIT;5037;31;;;;;5044;31;;;;;5040.5;1065.16015625
0;66600;AMETHYSTS;10002;3;9998;1;9996;2;10004;2;10005;29;;;10003.0;1082.0
0;66700;AMETHYSTS;9996;1;9995;25;;;10004;1;10005;25;;;10000.0;1088.0
0;66700;STARFRUIT;5038;5;5037;26;;;5044;26;;;;;5041.0;1063.2734375
0;66800;STARFRUIT;5038;1;5037;25;;;5044;26;;;;;5041.0;1058.97265625
0;66800;AMETHYSTS;9996;1;9995;25;;;10004;1;10005;25;;;10000.0;1088.0
0;66900;STARFRUIT;5037;3;5036;20;;;5043;20;;;;;5040.0;1069.6796875
0;66900;AMETHYSTS;9995;20;;;;;10005;20;;;;;10000.0;1088.0
0;67000;STARFRUIT;5036;24;;;;;5042;2;5043;22;;;5039.0;1077.45703125
0;67000;AMETHYSTS;9998;1;9996;2;9995;22;10004;2;10005;22;;;10001.0;1088.0
0;67100;AMETHYSTS;9996;1;9995;25;;;10004;1;10005;25;;;10000.0;1088.0
0;67100;STARFRUIT;5036;26;;;;;5043;26;;;;;5039.5;1073.0859375
0;67200;STARFRUIT;5036;23;;;;;5041;6;5043;23;;;5038.5;1073.35546875
0;67200;AMETHYSTS;9995;23;;;;;10005;23;;;;;10000.0;1088.0
0;67300;STARFRUIT;5038;1;5037;22;;;5043;1;5044;21;;;5040.5;1065.62109375
0;67300;AMETHYSTS;9996;1;9995;21;;;10004;1;10005;21;;;10000.0;1088.0
0;67400;STARFRUIT;5038;8;5037;29;;;5044;29;;;;;5041.0;1065.39453125
0;67400;AMETHYSTS;9996;1;9995;28;;;10004;1;10005;28;;;10000.0;1088.0
0;67500;AMETHYSTS;9995;22;;;;;10005;22;;;;;10000.0;1103.0
0;67500;STARFRUIT;5037;22;;;;;5044;22;;;;;5040.5;1058.9609375
0;67600;STARFRUIT;5038;1;5037;25;;;5044;26;;;;;5041.0;1058.50390625
0;67600;AMETHYSTS;9996;1;9995;25;;;10004;1;10005;25;;;10000.0;1103.0
0;67700;AMETHYSTS;9996;2;9995;21;;;10000;3;10004;2;10005;21;9998.0;1103.0
0;67700;STARFRUIT;5037;23;;;;;5040;3;5044;23;;;5038.5;1062.91796875
0;67800;AMETHYSTS;9996;2;9995;30;;;10004;2;10005;30;;;10000.0;1103.0
0;67800;STARFRUIT;5038;6;5037;32;;;5044;32;;;;;5041.0;1064.453125
0;67900;AMETHYSTS;9995;26;;;;;10005;26;;;;;10000.0;1118.0
0;67900;STARFRUIT;5036;26;;;;;5043;26;;;;;5039.5;1069.3984375
0;68000;STARFRUIT;5042;1;5036;25;;;5043;25;;;;;5042.5;1070.24609375
0;68000;AMETHYSTS;9995;25;;;;;10002;5;10005;25;;;9998.5;1118.0
0;68100;AMETHYSTS;9996;1;9995;26;;;10002;8;10004;1;10005;26;9999.0;1118.0
0;68100;STARFRUIT;5037;7;5036;27;;;5042;1;5043;26;;;5039.5;1070.80859375
0;68200;AMETHYSTS;9996;1;9995;23;;;9998;1;10004;1;10005;23;9997.0;1118.0
0;68200;STARFRUIT;5036;1;5035;23;;;5042;24;;;;;5039.0;1071.17578125
0;68300;AMETHYSTS;9996;1;9995;25;;;10002;4;10004;1;10005;25;9999.0;1120.0
0;68300;STARFRUIT;5035;1;5034;25;;;5041;26;;;;;5038.0;1072.16015625
0;68400;STARFRUIT;5034;31;;;;;5041;31;;;;;5037.5;1072.34375
0;68400;AMETHYSTS;10002;1;9996;1;9995;30;10004;1;10005;30;;;10003.0;1120.0
0;68500;AMETHYSTS;9996;1;9995;22;;;10004;1;10005;22;;;10000.0;1122.0
0;68500;STARFRUIT;5035;1;5034;22;;;5039;5;5041;23;;;5037.0;1072.02587890625
0;68600;AMETHYSTS;9995;27;;;;;9998;1;10005;27;;;9996.5;1125.0
0;68600;STARFRUIT;5034;27;;;;;5042;27;;;;;5038.0;1072.0029296875
0;68700;AMETHYSTS;9998;10;9996;2;9995;20;10004;2;10005;20;;;10001.0;1127.0
0;68700;STARFRUIT;5035;22;;;;;5041;2;5042;20;;;5038.0;1071.9228515625
0;68800;STARFRUIT;5035;1;5034;30;;;5037;6;5041;1;5042;30;5036.0;1072.00927734375
0;68800;AMETHYSTS;9996;1;9995;30;;;10000;6;10002;1;10004;1;9998.0;1127.0
0;68900;AMETHYSTS;9998;3;9996;2;9995;23;10004;2;10005;23;;;10001.0;1127.0
0;68900;STARFRUIT;5035;25;;;;;5041;2;5042;23;;;5038.0;1078.724609375
0;69000;AMETHYSTS;9996;1;9995;27;;;10004;1;10005;27;;;10000.0;1127.0
0;69000;STARFRUIT;5035;28;;;;;5041;1;5042;27;;;5038.0;1078.333984375
0;69100;AMETHYSTS;9996;1;9995;25;;;10004;1;10005;25;;;10000.0;1127.0
0;69100;STARFRUIT;5036;1;5035;26;;;5041;1;5042;25;;;5038.5;1078.21875
0;69200;STARFRUIT;5035;21;;;;;5042;21;;;;;5038.5;1079.265625
0;69200;AMETHYSTS;9996;1;9995;20;;;10002;8;10004;1;10005;20;9999.0;1130.0
0;69300;AMETHYSTS;9996;1;9995;23;;;10004;1;10005;23;;;10000.0;1130.0
0;69300;STARFRUIT;5035;1;5034;23;;;5041;24;;;;;5038.0;1077.1171875
0;69400;AMETHYSTS;9995;22;;;;;10005;22;;;;;10000.0;1130.0
0;69400;STARFRUIT;5035;4;5034;22;;;5041;22;;;;;5038.0;1073.79296875
0;69500;AMETHYSTS;9996;1;9995;30;;;10002;8;10004;1;10005;30;9999.0;1130.0
0;69500;STARFRUIT;5034;2;5033;31;;;5039;1;5040;30;;;5036.5;1068.9453125
0;69600;STARFRUIT;5033;27;;;;;5040;27;;;;;5036.5;1070.5859375
0;69600;AMETHYSTS;9996;2;9995;25;;;10004;2;10005;25;;;10000.0;1130.0
0;69700;AMETHYSTS;10002;1;9996;2;9995;24;10004;2;10005;24;;;10003.0;1130.0
0;69700;STARFRUIT;5033;26;;;;;5040;26;;;;;5036.5;1070.306640625
0;69800;AMETHYSTS;9996;1;9995;22;;;10004;1;10005;22;;;10000.0;1132.0
0;69800;STARFRUIT;5034;22;;;;;5040;1;5041;22;;;5037.0;1073.439453125
0;69900;STARFRUIT;5034;26;;;;;5040;2;5041;24;;;5037.0;1073.3203125
0;69900;AMETHYSTS;10002;1;9998;10;9996;2;10004;2;10005;24;;;10003.0;1132.0
0;70000;AMETHYSTS;9996;2;9995;28;;;10004;2;10005;28;;;10000.0;1134.0
0;70000;STARFRUIT;5034;2;5033;28;;;5040;2;5041;28;;;5037.0;1073.046875
0;70100;AMETHYSTS;10002;1;9995;27;;;10005;27;;;;;10003.5;1134.0
0;70100;STARFRUIT;5033;27;;;;;5034;1;5040;27;;;5033.5;1071.310546875
0;70200;AMETHYSTS;9996;2;9995;28;;;10004;2;10005;28;;;10000.0;1136.0
0;70200;STARFRUIT;5033;30;;;;;5040;30;;;;;5036.5;1074.51171875
0;70300;STARFRUIT;5034;5;5033;24;;;5040;25;;;;;5037.0;1074.83203125
0;70300;AMETHYSTS;9998;10;9996;1;9995;24;10004;1;10005;24;;;10001.0;1136.0
0;70400;AMETHYSTS;10002;13;9996;2;9995;29;10004;2;10005;29;;;10003.0;1139.0
0;70400;STARFRUIT;5034;31;;;;;5041;31;;;;;5037.5;1079.583984375
0;70500;AMETHYSTS;10002;1;9995;21;;;10005;21;;;;;10003.5;1165.0
0;70500;STARFRUIT;5034;21;;;;;5035;3;5041;21;;;5034.5;1079.375
0;70600;AMETHYSTS;10002;1;10000;3;9996;1;10004;1;10005;22;;;10003.0;1167.0
0;70600;STARFRUIT;5036;2;5034;1;5033;22;5040;1;5041;22;;;5038.0;1083.8828125
0;70700;STARFRUIT;5033;27;;;;;5040;27;;;;;5036.5;1080.73046875
0;70700;AMETHYSTS;9995;27;;;;;10005;27;;;;;10000.0;1169.0
0;70800;AMETHYSTS;9996;2;9995;20;;;9998;5;10002;8;10004;2;9997.0;1173.0
0;70800;STARFRUIT;5033;22;;;;;5040;22;;;;;5036.5;1081.20703125
0;70900;AMETHYSTS;9995;21;;;;;10005;21;;;;;10000.0;1183.0
0;70900;STARFRUIT;5033;21;;;;;5034;1;5040;21;;;5033.5;1082.98046875
0;71000;AMETHYSTS;9996;2;9995;28;;;9998;3;10004;2;10005;28;9997.0;1183.0
0;71000;STARFRUIT;5034;2;5033;28;;;5038;1;5040;30;;;5036.0;1087.8125
0;71100;STARFRUIT;5035;6;5034;30;;;5041;30;;;;;5038.0;1091.609375
0;71100;AMETHYSTS;9998;4;9995;30;;;10005;30;;;;;10001.5;1189.0
0;71200;AMETHYSTS;9996;1;9995;27;;;9998;1;10004;1;10005;27;9997.0;1193.0
0;71200;STARFRUIT;5035;1;5034;27;;;5041;28;;;;;5038.0;1095.74609375
0;71300;AMETHYSTS;9996;2;9995;28;;;10004;2;10005;28;;;10000.0;1195.0
0;71300;STARFRUIT;5035;2;5034;28;;;5040;8;5041;2;5042;28;5037.5;1096.94921875
0;71400;AMETHYSTS;10002;2;9996;2;9995;25;10004;2;10005;25;;;10003.0;1195.0
0;71400;STARFRUIT;5036;2;5035;25;;;5040;6;5042;27;;;5038.0;1103.609375
0;71500;STARFRUIT;5035;26;;;;;5040;5;5042;26;;;5037.5;1102.88671875
0;71500;AMETHYSTS;9995;26;;;;;10005;26;;;;;10000.0;1211.0
0;71600;AMETHYSTS;9998;7;9996;2;9995;29;10004;2;10005;29;;;10001.0;1211.0
0;71600;STARFRUIT;5035;31;;;;;5042;31;;;;;5038.5;1103.09765625
0;71700;AMETHYSTS;9996;1;9995;25;;;9998;1;10004;1;10005;25;9997.0;1211.0
0;71700;STARFRUIT;5035;26;;;;;5042;26;;;;;5038.5;1102.5703125
0;71800;AMETHYSTS;9995;22;;;;;9998;1;10005;22;;;9996.5;1216.0
0;71800;STARFRUIT;5035;22;;;;;5042;22;;;;;5038.5;1106.6796875
0;71900;STARFRUIT;5036;30;;;;;5043;30;;;;;5039.5;1111.86328125
0;71900;AMETHYSTS;9996;2;9995;28;;;10004;2;10005;28;;;10000.0;1218.0
0;72000;AMETHYSTS;9998;2;9996;1;9995;23;10004;1;10005;23;;;10001.0;1218.0
0;72000;STARFRUIT;5036;24;;;;;5043;24;;;;;5039.5;1111.80859375
0;72100;AMETHYSTS;9996;2;9995;24;;;9998;1;10004;2;10005;24;9997.0;1218.0
0;72100;STARFRUIT;5035;26;;;;;5042;26;;;;;5038.5;1105.66796875
0;72200;AMETHYSTS;9995;25;;;;;9998;1;10005;25;;;9996.5;1220.0
0;72200;STARFRUIT;5035;25;;;;;5042;25;;;;;5038.5;1104.2265625
0;72300;STARFRUIT;5036;1;5035;22;;;5040;3;5042;23;;;5038.0;1106.2890625
0;72300;AMETHYSTS;9996;1;9995;22;;;10004;1;10005;22;;;10000.0;1222.0
0;72400;AMETHYSTS;9995;25;;;;;10005;25;;;;;10000.0;1222.0
0;72400;STARFRUIT;5036;25;;;;;5043;25;;;;;5039.5;1112.5859375
0;72500;AMETHYSTS;10000;4;9996;2;9995;20;10004;2;10005;20;;;10002.0;1222.0
0;72500;STARFRUIT;5039;4;5037;2;5036;20;5043;22;;;;;5041.0;1116.01171875
0;72600;AMETHYSTS;9998;8;9995;28;;;10005;28;;;;;10001.5;1222.0
0;72600;STARFRUIT;5036;28;;;;;5043;28;;;;;5039.5;1115.5703125
0;72700;STARFRUIT;5036;28;;;;;5043;28;;;;;5039.5;1110.06640625
0;72700;AMETHYSTS;9995;28;;;;;10005;28;;;;;10000.0;1222.0
0;72800;AMETHYSTS;9996;2;9995;27;;;10004;2;10005;27;;;10000.0;1222.0
0;72800;STARFRUIT;5036;29;;;;;5037;8;5043;29;;;5036.5;1112.25
0;72900;AMETHYSTS;9996;1;9995;22;;;10002;4;10004;1;10005;22;9999.0;1222.0
0;72900;STARFRUIT;5037;2;5036;23;;;5043;23;;;;;5040.0;1129.8828125
0;73000;AMETHYSTS;9995;21;;;;;10005;21;;;;;10000.0;1222.0
0;73000;STARFRUIT;5036;21;;;;;5041;8;5043;21;;;5038.5;1139.1015625
0;73100;STARFRUIT;5037;28;;;;;5042;3;5043;1;5044;27;5039.5;1143.4453125
0;73100;AMETHYSTS;9996;1;9995;27;;;10002;7;10004;1;10005;27;9999.0;1222.0
0;73200;AMETHYSTS;9996;1;9995;23;;;10002;7;10004;1;10005;23;9999.0;1222.0
0;73200;STARFRUIT;5037;24;;;;;5044;24;;;;;5040.5;1149.09375
0;73300;AMETHYSTS;9996;2;9995;23;;;10004;2;10005;23;;;10000.0;1222.0
0;73300;STARFRUIT;5037;25;;;;;5044;25;;;;;5040.5;1154.0390625
0;73400;AMETHYSTS;9995;30;;;;;10002;6;10005;30;;;9998.5;1222.0
0;73400;STARFRUIT;5038;30;;;;;5045;30;;;;;5041.5;1159.234375
0;73500;STARFRUIT;5038;25;;;;;5044;1;5045;24;;;5041.0;1161.25
0;73500;AMETHYSTS;9998;6;9996;1;9995;24;10004;1;10005;24;;;10001.0;1222.0
0;73600;AMETHYSTS;9995;30;;;;;9998;1;10005;30;;;9996.5;1222.0
0;73600;STARFRUIT;5038;30;;;;;5045;30;;;;;5041.5;1162.8828125
0;73700;AMETHYSTS;10002;4;9995;25;;;10005;25;;;;;10003.5;1232.0
0;73700;STARFRUIT;5038;25;;;;;5045;25;;;;;5041.5;1163.1875
0;73800;AMETHYSTS;9998;1;9996;1;9995;21;10004;1;10005;21;;;10001.0;1240.0
0;73800;STARFRUIT;5038;22;;;;;5045;22;;;;;5041.5;1166.46875
0;73900;STARFRUIT;5038;27;;;;;5046;27;;;;;5042.0;1175.0546875
0;73900;AMETHYSTS;9995;27;;;;;10005;27;;;;;10000.0;1240.0
0;74000;AMETHYSTS;10000;5;9996;2;9995;27;10004;2;10005;27;;;10002.0;1248.0
0;74000;STARFRUIT;5041;6;5039;7;5038;29;5045;29;;;;;5043.0;1175.8828125
0;74100;AMETHYSTS;9998;5;9996;1;9995;23;10004;1;10005;23;;;10001.0;1248.0
0;74100;STARFRUIT;5042;3;5038;24;;;5045;24;;;;;5043.5;1173.2265625
0;74200;STARFRUIT;5038;31;;;;;5043;7;5045;31;;;5040.5;1171.6484375
0;74200;AMETHYSTS;9996;1;9995;30;;;10002;1;10004;1;10005;30;9999.0;1248.0
0;74300;STARFRUIT;5039;1;5038;26;;;5043;3;5045;27;;;5041.0;1179.3671875
0;74300;AMETHYSTS;9998;6;9996;1;9995;26;10004;1;10005;26;;;10001.0;1250.0
0;74400;STARFRUIT;5039;23;;;;;5046;23;;;;;5042.5;1188.265625
0;74400;AMETHYSTS;9996;2;9995;21;;;10004;2;10005;21;;;10000.0;1253.0
0;74500;AMETHYSTS;9996;2;9995;24;;;10004;2;10005;24;;;10000.0;1253.0
0;74500;STARFRUIT;5044;1;5043;3;5039;26;5046;26;;;;;5045.0;1185.96875
0;74600;STARFRUIT;5040;1;5039;29;;;5046;29;;;;;5043.0;1188.59375
0;74600;AMETHYSTS;9996;2;9995;27;;;9998;2;10004;2;10005;27;9997.0;1253.0
0;74700;STARFRUIT;5039;27;;;;;5046;27;;;;;5042.5;1189.48046875
0;74700;AMETHYSTS;9996;1;9995;26;;;10004;1;10005;26;;;10000.0;1257.0
0;74800;STARFRUIT;5039;3;5038;24;;;5045;26;;;;;5042.0;1185.65625
0;74800;AMETHYSTS;9996;2;9995;24;;;10004;2;10005;24;;;10000.0;1257.0
0;74900;AMETHYSTS;9996;1;9995;27;;;10004;1;10005;27;;;10000.0;1257.0
0;74900;STARFRUIT;5039;1;5038;27;;;5045;1;5046;27;;;5042.0;1185.74609375
0;75000;STARFRUIT;5039;1;5038;21;;;5045;22;;;;;5042.0;1184.96484375
0;75000;AMETHYSTS;9996;1;9995;21;;;9998;4;10004;1;10005;21;9997.0;1257.0
0;75100;STARFRUIT;5039;2;5038;26;;;5045;2;5046;26;;;5042.0;1185.88671875
0;75100;AMETHYSTS;9996;2;9995;26;;;10002;8;10004;2;10005;26;9999.0;1268.0
0;75200;STARFRUIT;5040;7;5039;31;;;5046;31;;;;;5043.0;1189.3984375
0;75200;AMETHYSTS;9996;1;9995;30;;;10004;1;10005;30;;;10000.0;1268.0
0;75300;AMETHYSTS;9998;7;9996;1;9995;26;10004;1;10005;26;;;10001.0;1268.0
0;75300;STARFRUIT;5040;27;;;;;5046;1;5047;26;;;5043.0;1197.7734375
0;75400;STARFRUIT;5039;25;;;;;5046;25;;;;;5042.5;1189.84375
0;75400;AMETHYSTS;9995;25;;;;;10005;25;;;;;10000.0;1268.0
0;75500;STARFRUIT;5039;23;;;;;5046;23;;;;;5042.5;1191.44140625
0;75500;AMETHYSTS;9996;1;9995;22;;;10004;1;10005;22;;;10000.0;1268.0
