day,timestamp,product,bid_price_1,bid_volume_1,bid_price_2,bid_volume_2,bid_price_3,bid_volume_3,ask_price_1,ask_volume_1,ask_price_2,ask_volume_2,ask_price_3,ask_volume_3,mid_price,profit_and_loss,unique_timestamp
-1,0,STARFRUIT,5045,1,5040.0,31.0,,,5047,31,,,,,5046.0,0.0,-100000
-1,100,STARFRUIT,5040,24,,,,,5046,2,5047.0,22.0,,,5043.0,0.0,-99900
-1,200,STARFRUIT,5041,2,5040.0,20.0,,,5047,20,,,,,5044.0,0.0,-99800
-1,300,STARFRUIT,5040,31,,,,,5046,2,5047.0,29.0,,,5043.0,0.0,-99700
-1,400,STARFRUIT,5039,27,,,,,5046,27,,,,,5042.5,0.0,-99600
-1,500,STARFRUIT,5039,30,,,,,5046,30,,,,,5042.5,0.0,-99500
-1,600,STARFRUIT,5042,5,5040.0,6.0,5039.0,25.0,5046,25,,,,,5044.0,0.0,-99400
-1,700,STARFRUIT,5041,2,5040.0,23.0,,,5047,23,,,,,5044.0,0.0,-99300
-1,800,STARFRUIT,5039,30,,,,,5046,30,,,,,5042.5,0.0,-99200
-1,900,STARFRUIT,5040,23,,,,,5046,1,5047.0,22.0,,,5043.0,0.0,-99100
-1,1000,STARFRUIT,5040,26,,,,,5045,6,5047.0,26.0,,,5042.5,0.0,-99000
-1,1100,STARFRUIT,5040,6,5039.0,26.0,,,5046,26,,,,,5043.0,0.0,-98900
-1,1200,STARFRUIT,5039,21,,,,,5044,8,5046.0,21.0,,,5041.5,0.0,-98800
-1,1300,STARFRUIT,5038,31,,,,,5045,31,,,,,5041.5,0.0,-98700
-1,1400,STARFRUIT,5039,2,5038.0,26.0,,,5045,26,,,,,5042.0,0.0,-98600
-1,1500,STARFRUIT,5038,27,,,,,5045,27,,,,,5041.5,0.0,-98500
-1,1600,STARFRUIT,5038,29,,,,,5043,4,5045.0,29.0,,,5040.5,0.0,-98400
-1,1700,STARFRUIT,5038,22,,,,,5043,8,5044.0,2.0,5045.0,20.0,5040.5,0.0,-98300
-1,1800,STARFRUIT,5038,23,,,,,5045,23,,,,,5041.5,0.0,-98200
-1,1900,STARFRUIT,5038,29,,,,,5043,5,5045.0,29.0,,,5040.5,0.0,-98100
-1,2000,STARFRUIT,5039,2,5038.0,24.0,,,5045,2,5046.0,24.0,,,5042.0,0.0,-98000
-1,2100,STARFRUIT,5039,27,,,,,5045,2,5046.0,25.0,,,5042.0,0.0,-97900
-1,2200,STARFRUIT,5038,25,,,,,5043,7,5045.0,25.0,,,5040.5,0.0,-97800
-1,2300,STARFRUIT,5038,32,,,,,5045,32,,,,,5041.5,0.0,-97700
-1,2400,STARFRUIT,5038,28,,,,,5045,29,,,,,5041.5,0.0,-97600
-1,2500,STARFRUIT,5039,2,5038.0,23.0,,,5045,23,,,,,5042.0,0.0,-97500
-1,2600,STARFRUIT,5038,3,5037.0,23.0,,,5044,23,,,,,5041.0,0.0,-97400
-1,2700,STARFRUIT,5037,26,,,,,5044,26,,,,,5040.5,0.0,-97300
-1,2800,STARFRUIT,5037,25,,,,,5045,25,,,,,5041.0,0.0,-97200
-1,2900,STARFRUIT,5038,1,5037.0,25.0,,,5044,26,,,,,5041.0,0.0,-97100
-1,3000,STARFRUIT,5039,3,5038.0,26.0,,,5045,26,,,,,5042.0,0.0,-97000
-1,3100,STARFRUIT,5037,26,,,,,5042,5,5044.0,26.0,,,5039.5,0.0,-96900
-1,3200,STARFRUIT,5037,1,5036.0,22.0,,,5041,3,5043.0,23.0,,,5039.0,0.0,-96800
-1,3300,STARFRUIT,5036,32,,,,,5041,2,5043.0,32.0,,,5038.5,0.0,-96700
-1,3400,STARFRUIT,5037,2,5036.0,24.0,,,5043,26,,,,,5040.0,0.0,-96600
-1,3500,STARFRUIT,5036,26,,,,,5043,26,,,,,5039.5,0.0,-96500
-1,3600,STARFRUIT,5037,21,,,,,5044,21,,,,,5040.5,0.0,-96400
-1,3700,STARFRUIT,5038,3,5037.0,24.0,,,5044,24,,,,,5041.0,0.0,-96300
-1,3800,STARFRUIT,5037,25,,,,,5044,25,,,,,5040.5,0.0,-96200
-1,3900,STARFRUIT,5037,2,5036.0,26.0,,,5043,26,,,,,5040.0,0.0,-96100
-1,4000,STARFRUIT,5037,2,5036.0,30.0,,,5043,32,,,,,5040.0,0.0,-96000
-1,4100,STARFRUIT,5037,29,,,,,5044,29,,,,,5040.5,0.0,-95900
-1,4200,STARFRUIT,5037,26,,,,,5044,26,,,,,5040.5,0.0,-95800
-1,4300,STARFRUIT,5039,7,5038.0,22.0,,,5041,5,5045.0,22.0,,,5040.0,0.0,-95700
-1,4400,STARFRUIT,5037,30,,,,,5044,30,,,,,5040.5,0.0,-95600
-1,4500,STARFRUIT,5038,28,,,,,5044,1,5045.0,28.0,,,5041.0,0.0,-95500
-1,4600,STARFRUIT,5037,30,,,,,5044,30,,,,,5040.5,0.0,-95400
-1,4700,STARFRUIT,5037,32,,,,,5038,7,5042.0,3.0,5044.0,32.0,5037.5,0.0,-95300
-1,4800,STARFRUIT,5037,24,,,,,5044,24,,,,,5040.5,0.0,-95200
-1,4900,STARFRUIT,5037,22,,,,,5044,22,,,,,5040.5,0.0,-95100
-1,5000,STARFRUIT,5037,30,,,,,5044,30,,,,,5040.5,0.0,-95000
-1,5100,STARFRUIT,5038,6,5037.0,31.0,,,5044,31,,,,,5041.0,0.0,-94900
-1,5200,STARFRUIT,5038,9,5037.0,26.0,,,5044,27,,,,,5041.0,0.0,-94800
-1,5300,STARFRUIT,5042,1,5037.0,21.0,,,5044,21,,,,,5043.0,0.0,-94700
-1,5400,STARFRUIT,5037,21,,,,,5042,6,5044.0,21.0,,,5039.5,0.0,-94600
-1,5500,STARFRUIT,5037,27,,,,,5044,27,,,,,5040.5,0.0,-94500
-1,5600,STARFRUIT,5041,2,5037.0,28.0,,,5044,28,,,,,5042.5,0.0,-94400
-1,5700,STARFRUIT,5036,27,,,,,5037,1,5043.0,27.0,,,5036.5,0.0,-94300
-1,5800,STARFRUIT,5037,31,,,,,5044,31,,,,,5040.5,0.0,-94200
-1,5900,STARFRUIT,5038,5,5037.0,30.0,,,5044,30,,,,,5041.0,0.0,-94100
-1,6000,STARFRUIT,5038,30,,,,,5045,30,,,,,5041.5,0.0,-94000
-1,6100,STARFRUIT,5038,24,,,,,5044,1,5045.0,24.0,,,5041.0,0.0,-93900
-1,6200,STARFRUIT,5038,22,,,,,5044,1,5045.0,21.0,,,5041.0,0.0,-93800
-1,6300,STARFRUIT,5038,5,5037.0,25.0,,,5044,25,,,,,5041.0,0.0,-93700
-1,6400,STARFRUIT,5038,25,,,,,5044,1,5045.0,24.0,,,5041.0,0.0,-93600
-1,6500,STARFRUIT,5038,1,5037.0,26.0,,,5044,27,,,,,5041.0,0.0,-93500
-1,6600,STARFRUIT,5038,26,,,,,5044,2,5045.0,24.0,,,5041.0,0.0,-93400
-1,6700,STARFRUIT,5039,7,5038.0,20.0,,,5045,20,,,,,5042.0,0.0,-93300
-1,6800,STARFRUIT,5038,32,,,,,5043,8,5045.0,32.0,,,5040.5,0.0,-93200
-1,6900,STARFRUIT,5038,27,,,,,5043,1,5045.0,27.0,,,5040.5,0.0,-93100
-1,7000,STARFRUIT,5042,4,5038.0,27.0,,,5045,27,,,,,5043.5,0.0,-93000
-1,7100,STARFRUIT,5038,1,5037.0,29.0,,,5044,30,,,,,5041.0,0.0,-92900
-1,7200,STARFRUIT,5038,28,,,,,5045,28,,,,,5041.5,0.0,-92800
-1,7300,STARFRUIT,5039,4,5038.0,31.0,,,5044,2,5045.0,29.0,,,5041.5,0.0,-92700
-1,7400,STARFRUIT,5038,22,,,,,5045,23,,,,,5041.5,0.0,-92600
-1,7500,STARFRUIT,5039,25,,,,,5046,25,,,,,5042.5,0.0,-92500
-1,7600,STARFRUIT,5039,22,,,,,5045,2,5046.0,20.0,,,5042.0,0.0,-92400
-1,7700,STARFRUIT,5039,22,,,,,5040,1,5046.0,22.0,,,5039.5,0.0,-92300
-1,7800,STARFRUIT,5039,23,,,,,5046,23,,,,,5042.5,0.0,-92200
-1,7900,STARFRUIT,5040,5,5039.0,26.0,,,5046,27,,,,,5043.0,0.0,-92100
-1,8000,STARFRUIT,5039,27,,,,,5044,8,5046.0,27.0,,,5041.5,0.0,-92000
-1,8100,STARFRUIT,5039,23,,,,,5046,23,,,,,5042.5,0.0,-91900
-1,8200,STARFRUIT,5038,23,,,,,5043,1,5045.0,23.0,,,5040.5,0.0,-91800
-1,8300,STARFRUIT,5038,30,,,,,5045,30,,,,,5041.5,0.0,-91700
-1,8400,STARFRUIT,5038,28,,,,,5045,28,,,,,5041.5,0.0,-91600
-1,8500,STARFRUIT,5039,31,,,,,5046,31,,,,,5042.5,0.0,-91500
-1,8600,STARFRUIT,5039,23,,,,,5040,1,5046.0,23.0,,,5039.5,0.0,-91400
-1,8700,STARFRUIT,5039,27,,,,,5044,4,5046.0,27.0,,,5041.5,0.0,-91300
-1,8800,STARFRUIT,5040,7,5039.0,25.0,,,5046,25,,,,,5043.0,0.0,-91200
-1,8900,STARFRUIT,5041,1,5040.0,26.0,,,5047,26,,,,,5044.0,0.0,-91100
-1,9000,STARFRUIT,5039,31,,,,,5046,31,,,,,5042.5,0.0,-91000
-1,9100,STARFRUIT,5038,29,,,,,5045,29,,,,,5041.5,0.0,-90900
-1,9200,STARFRUIT,5038,27,,,,,5043,7,5045.0,27.0,,,5040.5,0.0,-90800
-1,9300,STARFRUIT,5038,21,,,,,5045,21,,,,,5041.5,0.0,-90700
-1,9400,STARFRUIT,5038,23,,,,,5045,23,,,,,5041.5,0.0,-90600
-1,9500,STARFRUIT,5039,4,5038.0,31.0,,,5045,31,,,,,5042.0,0.0,-90500
-1,9600,STARFRUIT,5038,31,,,,,5044,1,5045.0,30.0,,,5041.0,0.0,-90400
-1,9700,STARFRUIT,5037,22,,,,,5044,22,,,,,5040.5,0.0,-90300
-1,9800,STARFRUIT,5037,26,,,,,5044,26,,,,,5040.5,0.0,-90200
-1,9900,STARFRUIT,5041,4,5037.0,25.0,,,5044,25,,,,,5042.5,0.0,-90100
-1,10000,STARFRUIT,5037,8,5036.0,28.0,,,5043,28,,,,,5040.0,0.0,-90000
-1,10100,STARFRUIT,5037,1,5036.0,24.0,,,5043,1,5044.0,24.0,,,5040.0,0.0,-89900
-1,10200,STARFRUIT,5037,28,,,,,5044,28,,,,,5040.5,0.0,-89800
-1,10300,STARFRUIT,5043,1,5039.0,8.0,5038.0,27.0,5045,27,,,,,5044.0,0.0,-89700
-1,10400,STARFRUIT,5038,2,5037.0,28.0,,,5044,29,,,,,5041.0,0.0,-89600
-1,10500,STARFRUIT,5038,2,5037.0,29.0,,,5044,31,,,,,5041.0,0.0,-89500
-1,10600,STARFRUIT,5037,31,,,,,5040,4,5042.0,4.0,5044.0,31.0,5038.5,0.0,-89400
-1,10700,STARFRUIT,5038,1,5037.0,28.0,,,5044,28,,,,,5041.0,0.0,-89300
-1,10800,STARFRUIT,5038,5,5037.0,22.0,,,5044,24,,,,,5041.0,0.0,-89200
-1,10900,STARFRUIT,5038,7,5037.0,28.0,,,5043,1,5044.0,27.0,,,5040.5,0.0,-89100
-1,11000,STARFRUIT,5042,7,5037.0,24.0,,,5044,24,,,,,5043.0,0.0,-89000
-1,11100,STARFRUIT,5038,21,,,,,5045,21,,,,,5041.5,0.0,-88900
-1,11200,STARFRUIT,5038,23,,,,,5044,2,5045.0,21.0,,,5041.0,0.0,-88800
-1,11300,STARFRUIT,5039,6,5038.0,22.0,,,5040,3,5045.0,22.0,,,5039.5,0.0,-88700
-1,11400,STARFRUIT,5039,26,,,,,5046,26,,,,,5042.5,0.0,-88600
-1,11500,STARFRUIT,5039,26,,,,,5044,8,5045.0,1.0,5046.0,25.0,5041.5,0.0,-88500
-1,11600,STARFRUIT,5039,2,5038.0,27.0,,,5045,2,5046.0,27.0,,,5042.0,0.0,-88400
-1,11700,STARFRUIT,5039,23,,,,,5041,2,5046.0,23.0,,,5040.0,0.0,-88300
-1,11800,STARFRUIT,5040,29,,,,,5043,4,5047.0,29.0,,,5041.5,0.0,-88200
-1,11900,STARFRUIT,5040,32,,,,,5045,3,5047.0,32.0,,,5042.5,0.0,-88100
-1,12000,STARFRUIT,5040,20,,,,,5047,20,,,,,5043.5,0.0,-88000
-1,12100,STARFRUIT,5040,2,5039.0,25.0,,,5045,1,5046.0,2.0,5047.0,25.0,5042.5,0.0,-87900
-1,12200,STARFRUIT,5040,6,5039.0,28.0,,,5046,30,,,,,5043.0,0.0,-87800
-1,12300,STARFRUIT,5040,1,5039.0,28.0,,,5046,29,,,,,5043.0,0.0,-87700
-1,12400,STARFRUIT,5040,4,5039.0,26.0,,,5046,26,,,,,5043.0,0.0,-87600
-1,12500,STARFRUIT,5039,20,,,,,5040,1,5046.0,20.0,,,5039.5,0.0,-87500
-1,12600,STARFRUIT,5040,22,,,,,5047,22,,,,,5043.5,0.0,-87400
-1,12700,STARFRUIT,5039,22,,,,,5045,2,5046.0,20.0,,,5042.0,0.0,-87300
-1,12800,STARFRUIT,5038,22,,,,,5045,22,,,,,5041.5,0.0,-87200
-1,12900,STARFRUIT,5039,8,5038.0,28.0,,,5045,29,,,,,5042.0,0.0,-87100
-1,13000,STARFRUIT,5044,1,5039.0,6.0,5038.0,20.0,5045,20,,,,,5044.5,0.0,-87000
-1,13100,STARFRUIT,5039,7,5038.0,26.0,,,5045,26,,,,,5042.0,0.0,-86900
-1,13200,STARFRUIT,5038,22,,,,,5043,5,5045.0,22.0,,,5040.5,0.0,-86800
-1,13300,STARFRUIT,5038,6,5037.0,24.0,,,5044,24,,,,,5041.0,0.0,-86700
-1,13400,STARFRUIT,5038,2,5037.0,30.0,,,5044,32,,,,,5041.0,0.0,-86600
-1,13500,STARFRUIT,5038,30,,,,,5043,8,5045.0,30.0,,,5040.5,0.0,-86500
-1,13600,STARFRUIT,5038,24,,,,,5043,3,5045.0,25.0,,,5040.5,0.0,-86400
-1,13700,STARFRUIT,5039,5,5038.0,20.0,,,5045,1,5046.0,20.0,,,5042.0,0.0,-86300
-1,13800,STARFRUIT,5039,1,5038.0,22.0,,,5045,22,,,,,5042.0,0.0,-86200
-1,13900,STARFRUIT,5039,22,,,,,5042,6,5044.0,4.0,5045.0,2.0,5040.5,0.0,-86100
-1,14000,STARFRUIT,5039,5,5038.0,27.0,,,5045,2,5046.0,27.0,,,5042.0,0.0,-86000
-1,14100,STARFRUIT,5039,25,,,,,5044,1,5045.0,2.0,5046.0,23.0,5041.5,0.0,-85900
-1,14200,STARFRUIT,5039,20,,,,,5046,21,,,,,5042.5,0.0,-85800
-1,14300,STARFRUIT,5039,29,,,,,5046,29,,,,,5042.5,0.0,-85700
-1,14400,STARFRUIT,5040,30,,,,,5047,30,,,,,5043.5,0.0,-85600
-1,14500,STARFRUIT,5040,24,,,,,5047,24,,,,,5043.5,0.0,-85500
-1,14600,STARFRUIT,5039,28,,,,,5042,2,5046.0,28.0,,,5040.5,0.0,-85400
-1,14700,STARFRUIT,5039,30,,,,,5046,30,,,,,5042.5,0.0,-85300
-1,14800,STARFRUIT,5039,28,,,,,5046,28,,,,,5042.5,0.0,-85200
-1,14900,STARFRUIT,5041,4,5038.0,26.0,,,5045,26,,,,,5043.0,0.0,-85100
-1,15000,STARFRUIT,5043,8,5038.0,25.0,,,5045,25,,,,,5044.0,0.0,-85000
-1,15100,STARFRUIT,5039,5,5038.0,22.0,,,5045,22,,,,,5042.0,0.0,-84900
-1,15200,STARFRUIT,5037,26,,,,,5044,27,,,,,5040.5,0.0,-84800
-1,15300,STARFRUIT,5037,26,,,,,5042,4,5044.0,26.0,,,5039.5,0.0,-84700
-1,15400,STARFRUIT,5038,5,5037.0,30.0,,,5044,30,,,,,5041.0,0.0,-84600
-1,15500,STARFRUIT,5037,31,,,,,5042,8,5044.0,31.0,,,5039.5,0.0,-84500
-1,15600,STARFRUIT,5037,7,5036.0,24.0,,,5043,26,,,,,5040.0,0.0,-84400
-1,15700,STARFRUIT,5037,1,5036.0,24.0,,,5043,25,,,,,5040.0,0.0,-84300
-1,15800,STARFRUIT,5042,1,5036.0,22.0,,,5043,22,,,,,5042.5,0.0,-84200
-1,15900,STARFRUIT,5036,31,,,,,5039,6,5041.0,2.0,5042.0,2.0,5037.5,0.0,-84100
-1,16000,STARFRUIT,5036,29,,,,,5041,2,5043.0,29.0,,,5038.5,0.0,-84000
-1,16100,STARFRUIT,5036,21,,,,,5039,2,5043.0,21.0,,,5037.5,0.0,-83900
-1,16200,STARFRUIT,5037,24,,,,,5038,1,5044.0,24.0,,,5037.5,0.0,-83800
-1,16300,STARFRUIT,5038,2,5037.0,23.0,,,5044,23,,,,,5041.0,0.0,-83700
-1,16400,STARFRUIT,5037,32,,,,,5044,32,,,,,5040.5,0.0,-83600
-1,16500,STARFRUIT,5038,2,5037.0,21.0,,,5044,23,,,,,5041.0,0.0,-83500
-1,16600,STARFRUIT,5037,30,,,,,5038,1,5044.0,30.0,,,5037.5,0.0,-83400
-1,16700,STARFRUIT,5043,1,5037.0,26.0,,,5044,26,,,,,5043.5,0.0,-83300
-1,16800,STARFRUIT,5038,26,,,,,5045,26,,,,,5041.5,0.0,-83200
-1,16900,STARFRUIT,5038,1,5037.0,25.0,,,5044,26,,,,,5041.0,0.0,-83100
-1,17000,STARFRUIT,5037,29,,,,,5044,29,,,,,5040.5,0.0,-83000
-1,17100,STARFRUIT,5037,23,,,,,5043,2,5044.0,21.0,,,5040.0,0.0,-82900
-1,17200,STARFRUIT,5038,2,5037.0,22.0,,,5044,24,,,,,5041.0,0.0,-82800
-1,17300,STARFRUIT,5038,2,5037.0,23.0,,,5042,6,5044.0,25.0,,,5040.0,0.0,-82700
-1,17400,STARFRUIT,5040,6,5037.0,28.0,,,5044,28,,,,,5042.0,0.0,-82600
-1,17500,STARFRUIT,5038,26,,,,,5045,26,,,,,5041.5,0.0,-82500
-1,17600,STARFRUIT,5037,30,,,,,5044,30,,,,,5040.5,0.0,-82400
-1,17700,STARFRUIT,5042,1,5037.0,29.0,,,5043,2,5044.0,27.0,,,5042.5,0.0,-82300
-1,17800,STARFRUIT,5037,26,,,,,5044,26,,,,,5040.5,0.0,-82200
-1,17900,STARFRUIT,5037,23,,,,,5044,23,,,,,5040.5,0.0,-82100
-1,18000,STARFRUIT,5036,27,,,,,5043,27,,,,,5039.5,0.0,-82000
-1,18100,STARFRUIT,5035,20,,,,,5043,20,,,,,5039.0,0.0,-81900
-1,18200,STARFRUIT,5036,25,,,,,5037,4,5042.0,1.0,5043.0,25.0,5036.5,0.0,-81800
-1,18300,STARFRUIT,5035,25,,,,,5042,25,,,,,5038.5,0.0,-81700
-1,18400,STARFRUIT,5035,25,,,,,5040,5,5042.0,25.0,,,5037.5,0.0,-81600
-1,18500,STARFRUIT,5035,29,,,,,5038,1,5042.0,29.0,,,5036.5,0.0,-81500
-1,18600,STARFRUIT,5034,20,,,,,5039,5,5041.0,20.0,,,5036.5,0.0,-81400
-1,18700,STARFRUIT,5034,22,,,,,5041,22,,,,,5037.5,0.0,-81300
-1,18800,STARFRUIT,5034,2,5033.0,26.0,,,5040,2,5041.0,26.0,,,5037.0,0.0,-81200
-1,18900,STARFRUIT,5034,22,,,,,5041,22,,,,,5037.5,0.0,-81100
-1,19000,STARFRUIT,5034,28,,,,,5035,10,5041.0,28.0,,,5034.5,0.0,-81000
-1,19100,STARFRUIT,5034,28,,,,,5041,28,,,,,5037.5,0.0,-80900
-1,19200,STARFRUIT,5033,21,,,,,5040,21,,,,,5036.5,0.0,-80800
-1,19300,STARFRUIT,5034,2,5033.0,21.0,,,5040,23,,,,,5037.0,0.0,-80700
-1,19400,STARFRUIT,5033,26,,,,,5040,26,,,,,5036.5,0.0,-80600
-1,19500,STARFRUIT,5033,23,,,,,5040,23,,,,,5036.5,0.0,-80500
-1,19600,STARFRUIT,5033,29,,,,,5039,2,5040.0,27.0,,,5036.0,0.0,-80400
-1,19700,STARFRUIT,5033,31,,,,,5038,7,5040.0,32.0,,,5035.5,0.0,-80300
-1,19800,STARFRUIT,5034,2,5033.0,29.0,,,5040,2,5041.0,29.0,,,5037.0,0.0,-80200
-1,19900,STARFRUIT,5033,32,,,,,5040,32,,,,,5036.5,0.0,-80100
-1,20000,STARFRUIT,5035,2,5034.0,27.0,,,5041,27,,,,,5038.0,0.0,-80000
-1,20100,STARFRUIT,5034,31,,,,,5039,4,5040.0,1.0,5041.0,30.0,5036.5,0.0,-79900
-1,20200,STARFRUIT,5034,29,,,,,5041,29,,,,,5037.5,0.0,-79800
-1,20300,STARFRUIT,5034,26,,,,,5041,27,,,,,5037.5,0.0,-79700
-1,20400,STARFRUIT,5035,1,5034.0,29.0,,,5037,4,5040.0,1.0,5041.0,28.0,5036.0,0.0,-79600
-1,20500,STARFRUIT,5037,4,5035.0,5.0,5034.0,32.0,5041,32,,,,,5039.0,0.0,-79500
-1,20600,STARFRUIT,5033,28,,,,,5040,28,,,,,5036.5,0.0,-79400
-1,20700,STARFRUIT,5036,6,5033.0,22.0,,,5040,22,,,,,5038.0,0.0,-79300
-1,20800,STARFRUIT,5034,24,,,,,5041,24,,,,,5037.5,0.0,-79200
-1,20900,STARFRUIT,5039,1,5034.0,23.0,,,5041,23,,,,,5040.0,0.0,-79100
-1,21000,STARFRUIT,5034,28,,,,,5040,2,5041.0,26.0,,,5037.0,0.0,-79000
-1,21100,STARFRUIT,5033,24,,,,,5040,24,,,,,5036.5,0.0,-78900
-1,21200,STARFRUIT,5033,22,,,,,5040,22,,,,,5036.5,0.0,-78800
-1,21300,STARFRUIT,5033,30,,,,,5040,30,,,,,5036.5,0.0,-78700
-1,21400,STARFRUIT,5033,28,,,,,5041,28,,,,,5037.0,0.0,-78600
-1,21500,STARFRUIT,5038,4,5034.0,21.0,,,5041,21,,,,,5039.5,0.0,-78500
-1,21600,STARFRUIT,5034,27,,,,,5040,2,5041.0,25.0,,,5037.0,0.0,-78400
-1,21700,STARFRUIT,5034,31,,,,,5041,31,,,,,5037.5,0.0,-78300
-1,21800,STARFRUIT,5034,24,,,,,5041,24,,,,,5037.5,0.0,-78200
-1,21900,STARFRUIT,5035,1,5034.0,21.0,,,5041,22,,,,,5038.0,0.0,-78100
-1,22000,STARFRUIT,5034,21,,,,,5041,21,,,,,5037.5,0.0,-78000
-1,22100,STARFRUIT,5035,1,5034.0,22.0,,,5041,24,,,,,5038.0,0.0,-77900
-1,22200,STARFRUIT,5035,21,,,,,5041,1,5042.0,20.0,,,5038.0,0.0,-77800
-1,22300,STARFRUIT,5035,29,,,,,5041,1,5042.0,28.0,,,5038.0,0.0,-77700
-1,22400,STARFRUIT,5035,29,,,,,5041,2,5042.0,27.0,,,5038.0,0.0,-77600
-1,22500,STARFRUIT,5035,31,,,,,5041,2,5042.0,29.0,,,5038.0,0.0,-77500
-1,22600,STARFRUIT,5038,6,5036.0,4.0,5035.0,22.0,5041,2,5042.0,20.0,,,5039.5,0.0,-77400
-1,22700,STARFRUIT,5035,1,5034.0,24.0,,,5041,26,,,,,5038.0,0.0,-77300
-1,22800,STARFRUIT,5034,27,,,,,5041,28,,,,,5037.5,0.0,-77200
-1,22900,STARFRUIT,5035,32,,,,,5042,32,,,,,5038.5,0.0,-77100
-1,23000,STARFRUIT,5035,1,5034.0,21.0,,,5041,22,,,,,5038.0,0.0,-77000
-1,23100,STARFRUIT,5035,23,,,,,5042,23,,,,,5038.5,0.0,-76900
-1,23200,STARFRUIT,5035,2,5034.0,29.0,,,5039,3,5041.0,31.0,,,5037.0,0.0,-76800
-1,23300,STARFRUIT,5034,30,,,,,5041,30,,,,,5037.5,0.0,-76700
-1,23400,STARFRUIT,5035,30,,,,,5041,1,5042.0,29.0,,,5038.0,0.0,-76600
-1,23500,STARFRUIT,5035,1,5034.0,28.0,,,5039,4,5041.0,30.0,,,5037.0,0.0,-76500
-1,23600,STARFRUIT,5034,27,,,,,5041,27,,,,,5037.5,0.0,-76400
-1,23700,STARFRUIT,5035,2,5034.0,21.0,,,5039,7,5041.0,23.0,,,5037.0,0.0,-76300
-1,23800,STARFRUIT,5040,1,5035.0,30.0,,,5042,30,,,,,5041.0,0.0,-76200
-1,23900,STARFRUIT,5041,1,5036.0,1.0,5035.0,30.0,5042,30,,,,,5041.5,0.0,-76100
-1,24000,STARFRUIT,5036,29,,,,,5043,29,,,,,5039.5,0.0,-76000
-1,24100,STARFRUIT,5036,1,5035.0,25.0,,,5041,3,5042.0,1.0,5043.0,25.0,5038.5,0.0,-75900
-1,24200,STARFRUIT,5036,30,,,,,5043,30,,,,,5039.5,0.0,-75800
-1,24300,STARFRUIT,5037,26,,,,,5044,26,,,,,5040.5,0.0,-75700
-1,24400,STARFRUIT,5042,1,5037.0,1.0,5036.0,21.0,5043,1,5044.0,21.0,,,5042.5,0.0,-75600
-1,24500,STARFRUIT,5037,1,5036.0,25.0,,,5043,1,5044.0,25.0,,,5040.0,0.0,-75500
-1,24600,STARFRUIT,5041,5,5037.0,24.0,,,5042,7,5044.0,24.0,,,5041.5,0.0,-75400
-1,24700,STARFRUIT,5037,25,,,,,5044,25,,,,,5040.5,0.0,-75300
-1,24800,STARFRUIT,5037,23,,,,,5044,23,,,,,5040.5,0.0,-75200
-1,24900,STARFRUIT,5042,4,5037.0,23.0,,,5044,23,,,,,5043.0,0.0,-75100
-1,25000,STARFRUIT,5037,23,,,,,5044,23,,,,,5040.5,0.0,-75000
-1,25100,STARFRUIT,5037,25,,,,,5042,4,5044.0,25.0,,,5039.5,0.0,-74900
-1,25200,STARFRUIT,5037,25,,,,,5042,3,5043.0,1.0,5044.0,24.0,5039.5,0.0,-74800
-1,25300,STARFRUIT,5037,4,5036.0,22.0,,,5043,24,,,,,5040.0,0.0,-74700
-1,25400,STARFRUIT,5042,8,5037.0,30.0,,,5043,1,5044.0,29.0,,,5042.5,0.0,-74600
-1,25500,STARFRUIT,5037,1,5036.0,20.0,,,5043,1,5044.0,20.0,,,5040.0,0.0,-74500
-1,25600,STARFRUIT,5038,8,5037.0,23.0,,,5044,23,,,,,5041.0,0.0,-74400
-1,25700,STARFRUIT,5037,2,5036.0,30.0,,,5041,6,5043.0,32.0,,,5039.0,0.0,-74300
-1,25800,STARFRUIT,5036,24,,,,,5037,1,5043.0,24.0,,,5036.5,0.0,-74200
-1,25900,STARFRUIT,5036,25,,,,,5043,25,,,,,5039.5,0.0,-74100
-1,26000,STARFRUIT,5035,27,,,,,5036,5,5042.0,2.0,5043.0,27.0,5035.5,0.0,-74000
-1,26100,STARFRUIT,5036,20,,,,,5043,20,,,,,5039.5,0.0,-73900
-1,26200,STARFRUIT,5036,23,,,,,5043,23,,,,,5039.5,0.0,-73800
-1,26300,STARFRUIT,5036,30,,,,,5043,30,,,,,5039.5,0.0,-73700
-1,26400,STARFRUIT,5037,5,5036.0,22.0,,,5043,22,,,,,5040.0,0.0,-73600
-1,26500,STARFRUIT,5036,24,,,,,5043,24,,,,,5039.5,0.0,-73500
-1,26600,STARFRUIT,5037,6,5036.0,30.0,,,5043,30,,,,,5040.0,0.0,-73400
-1,26700,STARFRUIT,5036,24,,,,,5041,6,5043.0,24.0,,,5038.5,0.0,-73300
-1,26800,STARFRUIT,5042,1,5036.0,30.0,,,5043,30,,,,,5042.5,0.0,-73200
-1,26900,STARFRUIT,5036,30,,,,,5037,1,5043.0,30.0,,,5036.5,0.0,-73100
-1,27000,STARFRUIT,5037,2,5036.0,28.0,,,5043,28,,,,,5040.0,0.0,-73000
-1,27100,STARFRUIT,5037,3,5036.0,24.0,,,5043,24,,,,,5040.0,0.0,-72900
-1,27200,STARFRUIT,5036,21,,,,,5041,2,5043.0,21.0,,,5038.5,0.0,-72800
-1,27300,STARFRUIT,5042,1,5037.0,31.0,,,5044,31,,,,,5043.0,0.0,-72700
-1,27400,STARFRUIT,5037,21,,,,,5044,21,,,,,5040.5,0.0,-72600
-1,27500,STARFRUIT,5037,23,,,,,5042,6,5044.0,23.0,,,5039.5,0.0,-72500
-1,27600,STARFRUIT,5038,6,5037.0,24.0,,,5044,24,,,,,5041.0,0.0,-72400
-1,27700,STARFRUIT,5037,24,,,,,5039,5,5044.0,24.0,,,5038.0,0.0,-72300
-1,27800,STARFRUIT,5038,2,5037.0,26.0,,,5042,3,5044.0,28.0,,,5040.0,0.0,-72200
-1,27900,STARFRUIT,5042,1,5037.0,29.0,,,5044,29,,,,,5043.0,0.0,-72100
-1,28000,STARFRUIT,5037,28,,,,,5044,28,,,,,5040.5,0.0,-72000
-1,28100,STARFRUIT,5037,26,,,,,5043,2,5044.0,24.0,,,5040.0,0.0,-71900
-1,28200,STARFRUIT,5037,26,,,,,5042,5,5043.0,1.0,5044.0,25.0,5039.5,0.0,-71800
-1,28300,STARFRUIT,5036,24,,,,,5038,2,5043.0,24.0,,,5037.0,0.0,-71700
-1,28400,STARFRUIT,5037,24,,,,,5043,2,5044.0,23.0,,,5040.0,0.0,-71600
-1,28500,STARFRUIT,5036,23,,,,,5043,23,,,,,5039.5,0.0,-71500
-1,28600,STARFRUIT,5037,23,,,,,5042,8,5043.0,2.0,5044.0,21.0,5039.5,0.0,-71400
-1,28700,STARFRUIT,5037,30,,,,,5044,30,,,,,5040.5,0.0,-71300
-1,28800,STARFRUIT,5036,27,,,,,5043,27,,,,,5039.5,0.0,-71200
-1,28900,STARFRUIT,5038,4,5037.0,22.0,,,5043,1,5044.0,21.0,,,5040.5,0.0,-71100
-1,29000,STARFRUIT,5037,23,,,,,5044,24,,,,,5040.5,0.0,-71000
-1,29100,STARFRUIT,5038,3,5037.0,28.0,,,5044,28,,,,,5041.0,0.0,-70900
-1,29200,STARFRUIT,5043,1,5038.0,1.0,5037.0,30.0,5044,31,,,,,5043.5,0.0,-70800
-1,29300,STARFRUIT,5038,2,5037.0,30.0,,,5042,2,5044.0,32.0,,,5040.0,0.0,-70700
-1,29400,STARFRUIT,5037,26,,,,,5038,1,5044.0,26.0,,,5037.5,0.0,-70600
-1,29500,STARFRUIT,5038,4,5037.0,27.0,,,5044,29,,,,,5041.0,0.0,-70500
-1,29600,STARFRUIT,5038,30,,,,,5043,3,5045.0,30.0,,,5040.5,0.0,-70400
-1,29700,STARFRUIT,5039,2,5038.0,26.0,,,5045,26,,,,,5042.0,0.0,-70300
-1,29800,STARFRUIT,5038,31,,,,,5043,1,5045.0,31.0,,,5040.5,0.0,-70200
-1,29900,STARFRUIT,5039,8,5038.0,21.0,,,5045,21,,,,,5042.0,0.0,-70100
-1,30000,STARFRUIT,5038,31,,,,,5045,31,,,,,5041.5,0.0,-70000
-1,30100,STARFRUIT,5038,2,5037.0,28.0,,,5044,30,,,,,5041.0,0.0,-69900
-1,30200,STARFRUIT,5038,2,5037.0,20.0,,,5044,22,,,,,5041.0,0.0,-69800
-1,30300,STARFRUIT,5044,1,5038.0,31.0,,,5045,31,,,,,5044.5,0.0,-69700
-1,30400,STARFRUIT,5041,5,5038.0,31.0,,,5045,31,,,,,5043.0,0.0,-69600
-1,30500,STARFRUIT,5038,22,,,,,5044,2,5045.0,20.0,,,5041.0,0.0,-69500
-1,30600,STARFRUIT,5038,1,5037.0,20.0,,,5044,22,,,,,5041.0,0.0,-69400
-1,30700,STARFRUIT,5037,30,,,,,5045,30,,,,,5041.0,0.0,-69300
-1,30800,STARFRUIT,5039,3,5038.0,31.0,,,5045,31,,,,,5042.0,0.0,-69200
-1,30900,STARFRUIT,5038,30,,,,,5043,7,5045.0,30.0,,,5040.5,0.0,-69100
-1,31000,STARFRUIT,5041,4,5039.0,7.0,5038.0,23.0,5045,23,,,,,5043.0,0.0,-69000
-1,31100,STARFRUIT,5038,29,,,,,5045,29,,,,,5041.5,0.0,-68900
-1,31200,STARFRUIT,5038,31,,,,,5045,31,,,,,5041.5,0.0,-68800
-1,31300,STARFRUIT,5038,24,,,,,5044,1,5045.0,23.0,,,5041.0,0.0,-68700
-1,31400,STARFRUIT,5038,26,,,,,5045,26,,,,,5041.5,0.0,-68600
-1,31500,STARFRUIT,5038,5,5037.0,30.0,,,5044,30,,,,,5041.0,0.0,-68500
-1,31600,STARFRUIT,5043,1,5037.0,27.0,,,5044,27,,,,,5043.5,0.0,-68400
-1,31700,STARFRUIT,5037,24,,,,,5042,3,5044.0,24.0,,,5039.5,0.0,-68300
-1,31800,STARFRUIT,5039,6,5037.0,1.0,5036.0,25.0,5043,26,,,,,5041.0,0.0,-68200
-1,31900,STARFRUIT,5038,4,5037.0,28.0,,,5044,28,,,,,5041.0,0.0,-68100
-1,32000,STARFRUIT,5039,2,5038.0,25.0,,,5045,25,,,,,5042.0,0.0,-68000
-1,32100,STARFRUIT,5038,29,,,,,5045,29,,,,,5041.5,0.0,-67900
-1,32200,STARFRUIT,5038,28,,,,,5044,1,5045.0,27.0,,,5041.0,0.0,-67800
-1,32300,STARFRUIT,5037,25,,,,,5044,25,,,,,5040.5,0.0,-67700
-1,32400,STARFRUIT,5037,30,,,,,5044,31,,,,,5040.5,0.0,-67600
-1,32500,STARFRUIT,5037,21,,,,,5042,5,5043.0,1.0,5044.0,21.0,5039.5,0.0,-67500
-1,32600,STARFRUIT,5037,30,,,,,5044,30,,,,,5040.5,0.0,-67400
-1,32700,STARFRUIT,5036,24,,,,,5042,2,5043.0,22.0,,,5039.0,0.0,-67300
-1,32800,STARFRUIT,5035,30,,,,,5042,30,,,,,5038.5,0.0,-67200
-1,32900,STARFRUIT,5035,29,,,,,5041,2,5042.0,27.0,,,5038.0,0.0,-67100
-1,33000,STARFRUIT,5040,1,5035.0,2.0,5034.0,28.0,5041,2,5042.0,28.0,,,5040.5,0.0,-67000
-1,33100,STARFRUIT,5034,29,,,,,5035,1,5039.0,3.0,5041.0,29.0,5034.5,0.0,-66900
-1,33200,STARFRUIT,5034,21,,,,,5035,11,5041.0,21.0,,,5034.5,0.0,-66800
-1,33300,STARFRUIT,5034,21,,,,,5040,1,5041.0,20.0,,,5037.0,0.0,-66700
-1,33400,STARFRUIT,5034,32,,,,,5041,32,,,,,5037.5,0.0,-66600
-1,33500,STARFRUIT,5034,21,,,,,5041,21,,,,,5037.5,0.0,-66500
-1,33600,STARFRUIT,5035,27,,,,,5042,27,,,,,5038.5,0.0,-66400
-1,33700,STARFRUIT,5036,4,5035.0,28.0,,,5042,28,,,,,5039.0,0.0,-66300
-1,33800,STARFRUIT,5040,3,5036.0,5.0,5035.0,26.0,5042,26,,,,,5041.0,0.0,-66200
-1,33900,STARFRUIT,5035,24,,,,,5042,24,,,,,5038.5,0.0,-66100
-1,34000,STARFRUIT,5034,30,,,,,5035,1,5039.0,8.0,5041.0,30.0,5034.5,0.0,-66000
-1,34100,STARFRUIT,5035,3,5034.0,22.0,,,5041,23,,,,,5038.0,0.0,-65900
-1,34200,STARFRUIT,5034,23,,,,,5039,1,5041.0,23.0,,,5036.5,0.0,-65800
-1,34300,STARFRUIT,5034,1,5033.0,22.0,,,5040,23,,,,,5037.0,0.0,-65700
-1,34400,STARFRUIT,5035,3,5034.0,25.0,,,5041,25,,,,,5038.0,0.0,-65600
-1,34500,STARFRUIT,5034,30,,,,,5036,5,5039.0,1.0,5041.0,30.0,5035.0,0.0,-65500
-1,34600,STARFRUIT,5034,29,,,,,5035,1,5041.0,29.0,,,5034.5,0.0,-65400
-1,34700,STARFRUIT,5035,24,,,,,5042,24,,,,,5038.5,0.0,-65300
-1,34800,STARFRUIT,5035,2,5034.0,23.0,,,5041,25,,,,,5038.0,0.0,-65200
-1,34900,STARFRUIT,5035,21,,,,,5041,1,5042.0,20.0,,,5038.0,0.0,-65100
-1,35000,STARFRUIT,5040,1,5035.0,20.0,,,5042,20,,,,,5041.0,0.0,-65000
-1,35100,STARFRUIT,5035,31,,,,,5041,2,5042.0,29.0,,,5038.0,0.0,-64900
-1,35200,STARFRUIT,5036,3,5035.0,30.0,,,5042,30,,,,,5039.0,0.0,-64800
-1,35300,STARFRUIT,5035,28,,,,,5036,8,5042.0,28.0,,,5035.5,0.0,-64700
-1,35400,STARFRUIT,5040,1,5036.0,2.0,5035.0,25.0,5042,25,,,,,5041.0,0.0,-64600
-1,35500,STARFRUIT,5034,28,,,,,5041,28,,,,,5037.5,0.0,-64500
-1,35600,STARFRUIT,5033,26,,,,,5040,26,,,,,5036.5,0.0,-64400
-1,35700,STARFRUIT,5033,2,5032.0,27.0,,,5039,29,,,,,5036.0,0.0,-64300
-1,35800,STARFRUIT,5033,31,,,,,5035,2,5040.0,31.0,,,5034.0,0.0,-64200
-1,35900,STARFRUIT,5033,23,,,,,5040,23,,,,,5036.5,0.0,-64100
-1,36000,STARFRUIT,5033,30,,,,,5038,3,5040.0,30.0,,,5035.5,0.0,-64000
-1,36100,STARFRUIT,5033,26,,,,,5039,2,5040.0,24.0,,,5036.0,0.0,-63900
-1,36200,STARFRUIT,5033,30,,,,,5039,1,5040.0,29.0,,,5036.0,0.0,-63800
-1,36300,STARFRUIT,5033,22,,,,,5038,6,5039.0,1.0,5040.0,21.0,5035.5,0.0,-63700
-1,36400,STARFRUIT,5039,1,5034.0,3.0,5033.0,21.0,5040,21,,,,,5039.5,0.0,-63600
-1,36500,STARFRUIT,5034,25,,,,,5036,2,5041.0,25.0,,,5035.0,0.0,-63500
-1,36600,STARFRUIT,5034,29,,,,,5040,1,5041.0,28.0,,,5037.0,0.0,-63400
-1,36700,STARFRUIT,5033,21,,,,,5040,21,,,,,5036.5,0.0,-63300
-1,36800,STARFRUIT,5033,30,,,,,5040,30,,,,,5036.5,0.0,-63200
-1,36900,STARFRUIT,5034,27,,,,,5041,27,,,,,5037.5,0.0,-63100
-1,37000,STARFRUIT,5034,2,5033.0,23.0,,,5040,25,,,,,5037.0,0.0,-63000
-1,37100,STARFRUIT,5035,4,5034.0,23.0,,,5040,2,5041.0,21.0,,,5037.5,0.0,-62900
-1,37200,STARFRUIT,5035,4,5034.0,21.0,,,5040,1,5041.0,20.0,,,5037.5,0.0,-62800
-1,37300,STARFRUIT,5035,4,5034.0,28.0,,,5040,1,5041.0,27.0,,,5037.5,0.0,-62700
-1,37400,STARFRUIT,5033,30,,,,,5040,30,,,,,5036.5,0.0,-62600
-1,37500,STARFRUIT,5034,27,,,,,5041,27,,,,,5037.5,0.0,-62500
-1,37600,STARFRUIT,5034,22,,,,,5041,22,,,,,5037.5,0.0,-62400
-1,37700,STARFRUIT,5033,24,,,,,5040,24,,,,,5036.5,0.0,-62300
-1,37800,STARFRUIT,5032,25,,,,,5033,1,5039.0,25.0,,,5032.5,0.0,-62200
-1,37900,STARFRUIT,5032,25,,,,,5039,25,,,,,5035.5,0.0,-62100
-1,38000,STARFRUIT,5032,2,5031.0,30.0,,,5037,4,5038.0,2.0,5039.0,30.0,5034.5,0.0,-62000
-1,38100,STARFRUIT,5031,2,5030.0,26.0,,,5037,2,5038.0,26.0,,,5034.0,0.0,-61900
-1,38200,STARFRUIT,5031,1,5030.0,27.0,,,5037,28,,,,,5034.0,0.0,-61800
-1,38300,STARFRUIT,5031,26,,,,,5038,26,,,,,5034.5,0.0,-61700
-1,38400,STARFRUIT,5032,24,,,,,5035,6,5038.0,1.0,5039.0,23.0,5033.5,0.0,-61600
-1,38500,STARFRUIT,5031,21,,,,,5038,21,,,,,5034.5,0.0,-61500
-1,38600,STARFRUIT,5031,30,,,,,5037,2,5038.0,28.0,,,5034.0,0.0,-61400
-1,38700,STARFRUIT,5031,20,,,,,5038,20,,,,,5034.5,0.0,-61300
-1,38800,STARFRUIT,5031,1,5030.0,20.0,,,5032,2,5036.0,1.0,5037.0,1.0,5031.5,0.0,-61200
-1,38900,STARFRUIT,5030,32,,,,,5035,7,5037.0,32.0,,,5032.5,0.0,-61100
-1,39000,STARFRUIT,5030,23,,,,,5037,23,,,,,5033.5,0.0,-61000
-1,39100,STARFRUIT,5029,25,,,,,5035,1,5036.0,24.0,,,5032.0,0.0,-60900
-1,39200,STARFRUIT,5030,1,5029.0,29.0,,,5034,2,5036.0,30.0,,,5032.0,0.0,-60800
-1,39300,STARFRUIT,5030,27,,,,,5037,27,,,,,5033.5,0.0,-60700
-1,39400,STARFRUIT,5029,31,,,,,5034,5,5036.0,31.0,,,5031.5,0.0,-60600
-1,39500,STARFRUIT,5029,27,,,,,5034,3,5036.0,27.0,,,5031.5,0.0,-60500
-1,39600,STARFRUIT,5034,4,5029.0,23.0,,,5037,23,,,,,5035.5,0.0,-60400
-1,39700,STARFRUIT,5031,4,5030.0,24.0,,,5036,2,5037.0,22.0,,,5033.5,0.0,-60300
-1,39800,STARFRUIT,5030,28,,,,,5036,1,5037.0,27.0,,,5033.0,0.0,-60200
-1,39900,STARFRUIT,5030,31,,,,,5036,1,5037.0,30.0,,,5033.0,0.0,-60100
-1,40000,STARFRUIT,5029,22,,,,,5036,22,,,,,5032.5,0.0,-60000
-1,40100,STARFRUIT,5030,31,,,,,5036,2,5037.0,29.0,,,5033.0,0.0,-59900
-1,40200,STARFRUIT,5031,29,,,,,5037,1,5038.0,28.0,,,5034.0,0.0,-59800
-1,40300,STARFRUIT,5031,22,,,,,5038,22,,,,,5034.5,0.0,-59700
-1,40400,STARFRUIT,5031,24,,,,,5038,24,,,,,5034.5,0.0,-59600
-1,40500,STARFRUIT,5032,1,5031.0,27.0,,,5038,2,5039.0,27.0,,,5035.0,0.0,-59500
-1,40600,STARFRUIT,5033,4,5032.0,26.0,,,5039,26,,,,,5036.0,0.0,-59400
-1,40700,STARFRUIT,5032,22,,,,,5039,22,,,,,5035.5,0.0,-59300
-1,40800,STARFRUIT,5033,27,,,,,5040,27,,,,,5036.5,0.0,-59200
-1,40900,STARFRUIT,5033,28,,,,,5040,28,,,,,5036.5,0.0,-59100
-1,41000,STARFRUIT,5033,20,,,,,5038,3,5040.0,21.0,,,5035.5,0.0,-59000
-1,41100,STARFRUIT,5032,27,,,,,5033,1,5034.0,2.0,5039.0,27.0,5032.5,0.0,-58900
-1,41200,STARFRUIT,5032,29,,,,,5040,29,,,,,5036.0,0.0,-58800
-1,41300,STARFRUIT,5033,1,5032.0,24.0,,,5037,4,5039.0,25.0,,,5035.0,0.0,-58700
-1,41400,STARFRUIT,5033,25,,,,,5036,4,5038.0,5.0,5039.0,2.0,5034.5,0.0,-58600
-1,41500,STARFRUIT,5033,22,,,,,5038,1,5040.0,22.0,,,5035.5,0.0,-58500
-1,41600,STARFRUIT,5032,23,,,,,5037,7,5039.0,23.0,,,5034.5,0.0,-58400
-1,41700,STARFRUIT,5035,4,5032.0,21.0,,,5039,21,,,,,5037.0,0.0,-58300
-1,41800,STARFRUIT,5032,2,5031.0,22.0,,,5038,24,,,,,5035.0,0.0,-58200
-1,41900,STARFRUIT,5031,22,,,,,5036,1,5038.0,22.0,,,5033.5,0.0,-58100
-1,42000,STARFRUIT,5031,1,5030.0,30.0,,,5035,5,5037.0,32.0,,,5033.0,0.0,-58000
-1,42100,STARFRUIT,5031,2,5030.0,21.0,,,5037,23,,,,,5034.0,0.0,-57900
-1,42200,STARFRUIT,5030,28,,,,,5037,28,,,,,5033.5,0.0,-57800
-1,42300,STARFRUIT,5031,20,,,,,5032,7,5036.0,2.0,5038.0,20.0,5031.5,0.0,-57700
-1,42400,STARFRUIT,5031,31,,,,,5032,1,5038.0,31.0,,,5031.5,0.0,-57600
-1,42500,STARFRUIT,5031,24,,,,,5038,24,,,,,5034.5,0.0,-57500
-1,42600,STARFRUIT,5031,26,,,,,5038,26,,,,,5034.5,0.0,-57400
-1,42700,STARFRUIT,5031,26,,,,,5038,26,,,,,5034.5,0.0,-57300
-1,42800,STARFRUIT,5031,30,,,,,5038,30,,,,,5034.5,0.0,-57200
-1,42900,STARFRUIT,5030,25,,,,,5038,25,,,,,5034.0,0.0,-57100
-1,43000,STARFRUIT,5031,2,5030.0,23.0,,,5037,23,,,,,5034.0,0.0,-57000
-1,43100,STARFRUIT,5031,21,,,,,5038,21,,,,,5034.5,0.0,-56900
-1,43200,STARFRUIT,5031,1,5030.0,20.0,,,5037,21,,,,,5034.0,0.0,-56800
-1,43300,STARFRUIT,5031,1,5030.0,24.0,,,5036,2,5037.0,1.0,5038.0,24.0,5033.5,0.0,-56700
-1,43400,STARFRUIT,5035,4,5031.0,2.0,5030.0,22.0,5037,24,,,,,5036.0,0.0,-56600
-1,43500,STARFRUIT,5030,23,,,,,5031,1,5035.0,7.0,5037.0,23.0,5030.5,0.0,-56500
-1,43600,STARFRUIT,5032,3,5031.0,2.0,5030.0,21.0,5037,2,5038.0,21.0,,,5034.5,0.0,-56400
-1,43700,STARFRUIT,5031,24,,,,,5038,24,,,,,5034.5,0.0,-56300
-1,43800,STARFRUIT,5032,7,5031.0,28.0,,,5038,28,,,,,5035.0,0.0,-56200
-1,43900,STARFRUIT,5032,6,5031.0,30.0,,,5037,1,5038.0,29.0,,,5034.5,0.0,-56100
-1,44000,STARFRUIT,5031,22,,,,,5036,3,5038.0,22.0,,,5033.5,0.0,-56000
-1,44100,STARFRUIT,5030,24,,,,,5037,24,,,,,5033.5,0.0,-55900
-1,44200,STARFRUIT,5030,21,,,,,5037,21,,,,,5033.5,0.0,-55800
-1,44300,STARFRUIT,5030,27,,,,,5037,27,,,,,5033.5,0.0,-55700
-1,44400,STARFRUIT,5030,28,,,,,5037,28,,,,,5033.5,0.0,-55600
-1,44500,STARFRUIT,5036,1,5031.0,2.0,5030.0,21.0,5037,21,,,,,5036.5,0.0,-55500
-1,44600,STARFRUIT,5031,1,5030.0,23.0,,,5037,24,,,,,5034.0,0.0,-55400
-1,44700,STARFRUIT,5030,29,,,,,5037,29,,,,,5033.5,0.0,-55300
-1,44800,STARFRUIT,5030,29,,,,,5037,29,,,,,5033.5,0.0,-55200
-1,44900,STARFRUIT,5031,1,5030.0,26.0,,,5037,26,,,,,5034.0,0.0,-55100
-1,45000,STARFRUIT,5030,26,,,,,5037,26,,,,,5033.5,0.0,-55000
-1,45100,STARFRUIT,5031,27,,,,,5036,5,5037.0,1.0,5038.0,26.0,5033.5,0.0,-54900
-1,45200,STARFRUIT,5031,29,,,,,5036,6,5037.0,1.0,5038.0,28.0,5033.5,0.0,-54800
-1,45300,STARFRUIT,5031,4,5030.0,22.0,,,5037,22,,,,,5034.0,0.0,-54700
-1,45400,STARFRUIT,5029,23,,,,,5030,1,5034.0,2.0,5036.0,23.0,5029.5,0.0,-54600
-1,45500,STARFRUIT,5030,25,,,,,5033,3,5036.0,1.0,5037.0,24.0,5031.5,0.0,-54500
-1,45600,STARFRUIT,5030,7,5029.0,26.0,,,5036,26,,,,,5033.0,0.0,-54400
-1,45700,STARFRUIT,5029,24,,,,,5036,24,,,,,5032.5,0.0,-54300
-1,45800,STARFRUIT,5029,27,,,,,5036,28,,,,,5032.5,0.0,-54200
-1,45900,STARFRUIT,5030,4,5029.0,31.0,,,5036,31,,,,,5033.0,0.0,-54100
-1,46000,STARFRUIT,5030,2,5029.0,24.0,,,5036,26,,,,,5033.0,0.0,-54000
-1,46100,STARFRUIT,5030,25,,,,,5037,25,,,,,5033.5,0.0,-53900
-1,46200,STARFRUIT,5031,1,5030.0,27.0,,,5037,28,,,,,5034.0,0.0,-53800
-1,46300,STARFRUIT,5031,29,,,,,5037,2,5038.0,27.0,,,5034.0,0.0,-53700
-1,46400,STARFRUIT,5031,22,,,,,5038,22,,,,,5034.5,0.0,-53600
-1,46500,STARFRUIT,5034,6,5031.0,31.0,,,5038,31,,,,,5036.0,0.0,-53500
-1,46600,STARFRUIT,5032,3,5031.0,28.0,,,5038,28,,,,,5035.0,0.0,-53400
-1,46700,STARFRUIT,5031,26,,,,,5038,26,,,,,5034.5,0.0,-53300
-1,46800,STARFRUIT,5032,22,,,,,5038,1,5039.0,21.0,,,5035.0,0.0,-53200
-1,46900,STARFRUIT,5037,1,5032.0,32.0,,,5039,32,,,,,5038.0,0.0,-53100
-1,47000,STARFRUIT,5032,1,5031.0,20.0,,,5038,21,,,,,5035.0,0.0,-53000
-1,47100,STARFRUIT,5032,2,5031.0,24.0,,,5033,4,5038.0,2.0,5039.0,24.0,5032.5,0.0,-52900
-1,47200,STARFRUIT,5032,30,,,,,5039,30,,,,,5035.5,0.0,-52800
-1,47300,STARFRUIT,5031,25,,,,,5036,1,5038.0,25.0,,,5033.5,0.0,-52700
-1,47400,STARFRUIT,5031,1,5030.0,24.0,,,5037,24,,,,,5034.0,0.0,-52600
-1,47500,STARFRUIT,5031,30,,,,,5036,6,5038.0,30.0,,,5033.5,0.0,-52500
-1,47600,STARFRUIT,5031,28,,,,,5038,28,,,,,5034.5,0.0,-52400
-1,47700,STARFRUIT,5031,23,,,,,5038,23,,,,,5034.5,0.0,-52300
-1,47800,STARFRUIT,5031,1,5030.0,22.0,,,5037,23,,,,,5034.0,0.0,-52200
-1,47900,STARFRUIT,5030,27,,,,,5037,27,,,,,5033.5,0.0,-52100
-1,48000,STARFRUIT,5030,27,,,,,5037,27,,,,,5033.5,0.0,-52000
-1,48100,STARFRUIT,5031,1,5030.0,21.0,,,5037,21,,,,,5034.0,0.0,-51900
-1,48200,STARFRUIT,5030,25,,,,,5037,25,,,,,5033.5,0.0,-51800
-1,48300,STARFRUIT,5030,29,,,,,5033,5,5037.0,29.0,,,5031.5,0.0,-51700
-1,48400,STARFRUIT,5031,1,5030.0,27.0,,,5037,27,,,,,5034.0,0.0,-51600
-1,48500,STARFRUIT,5031,1,5030.0,29.0,,,5037,29,,,,,5034.0,0.0,-51500
-1,48600,STARFRUIT,5032,1,5031.0,29.0,,,5037,1,5038.0,28.0,,,5034.5,0.0,-51400
-1,48700,STARFRUIT,5031,1,5030.0,22.0,,,5037,23,,,,,5034.0,0.0,-51300
-1,48800,STARFRUIT,5033,5,5032.0,1.0,5031.0,23.0,5038,1,5039.0,23.0,,,5035.5,0.0,-51200
-1,48900,STARFRUIT,5032,7,5031.0,27.0,,,5039,27,,,,,5035.5,0.0,-51100
-1,49000,STARFRUIT,5032,7,5031.0,32.0,,,5038,32,,,,,5035.0,0.0,-51000
-1,49100,STARFRUIT,5032,10,5031.0,30.0,,,5038,32,,,,,5035.0,0.0,-50900
-1,49200,STARFRUIT,5031,1,5030.0,20.0,,,5037,21,,,,,5034.0,0.0,-50800
-1,49300,STARFRUIT,5031,21,,,,,5038,22,,,,,5034.5,0.0,-50700
-1,49400,STARFRUIT,5036,9,5035.0,5.0,5031.0,20.0,5038,20,,,,,5037.0,0.0,-50600
-1,49500,STARFRUIT,5032,10,5031.0,30.0,,,5038,32,,,,,5035.0,0.0,-50500
-1,49600,STARFRUIT,5037,1,5032.0,24.0,,,5039,24,,,,,5038.0,0.0,-50400
-1,49700,STARFRUIT,5031,28,,,,,5038,28,,,,,5034.5,0.0,-50300
-1,49800,STARFRUIT,5031,25,,,,,5032,5,5037.0,2.0,5038.0,23.0,5031.5,0.0,-50200
-1,49900,STARFRUIT,5031,23,,,,,5038,23,,,,,5034.5,0.0,-50100
-1,50000,STARFRUIT,5031,21,,,,,5038,21,,,,,5034.5,0.0,-50000
-1,50100,STARFRUIT,5031,24,,,,,5036,2,5038.0,24.0,,,5033.5,0.0,-49900
-1,50200,STARFRUIT,5031,24,,,,,5038,24,,,,,5034.5,0.0,-49800
-1,50300,STARFRUIT,5031,30,,,,,5038,30,,,,,5034.5,0.0,-49700
-1,50400,STARFRUIT,5030,23,,,,,5033,2,5035.0,1.0,5037.0,23.0,5031.5,0.0,-49600
-1,50500,STARFRUIT,5031,25,,,,,5038,25,,,,,5034.5,0.0,-49500
-1,50600,STARFRUIT,5031,23,,,,,5032,8,5038.0,23.0,,,5031.5,0.0,-49400
-1,50700,STARFRUIT,5031,24,,,,,5037,2,5038.0,22.0,,,5034.0,0.0,-49300
-1,50800,STARFRUIT,5036,1,5031.0,24.0,,,5038,24,,,,,5037.0,0.0,-49200
-1,50900,STARFRUIT,5031,28,,,,,5036,4,5037.0,1.0,5038.0,27.0,5033.5,0.0,-49100
-1,51000,STARFRUIT,5030,28,,,,,5037,28,,,,,5033.5,0.0,-49000
-1,51100,STARFRUIT,5030,1,5029.0,25.0,,,5036,1,5037.0,25.0,,,5033.0,0.0,-48900
-1,51200,STARFRUIT,5030,30,,,,,5037,30,,,,,5033.5,0.0,-48800
-1,51300,STARFRUIT,5030,25,,,,,5037,25,,,,,5033.5,0.0,-48700
-1,51400,STARFRUIT,5029,30,,,,,5037,30,,,,,5033.0,0.0,-48600
-1,51500,STARFRUIT,5035,1,5029.0,30.0,,,5036,30,,,,,5035.5,0.0,-48500
-1,51600,STARFRUIT,5032,5,5030.0,2.0,5029.0,22.0,5036,24,,,,,5034.0,0.0,-48400
-1,51700,STARFRUIT,5029,20,,,,,5031,4,5036.0,20.0,,,5030.0,0.0,-48300
-1,51800,STARFRUIT,5029,25,,,,,5036,25,,,,,5032.5,0.0,-48200
-1,51900,STARFRUIT,5033,4,5029.0,24.0,,,5035,1,5036.0,23.0,,,5034.0,0.0,-48100
-1,52000,STARFRUIT,5028,29,,,,,5033,6,5035.0,29.0,,,5030.5,0.0,-48000
-1,52100,STARFRUIT,5028,21,,,,,5035,21,,,,,5031.5,0.0,-47900
-1,52200,STARFRUIT,5029,31,,,,,5035,2,5036.0,29.0,,,5032.0,0.0,-47800
-1,52300,STARFRUIT,5034,1,5029.0,28.0,,,5035,1,5036.0,27.0,,,5034.5,0.0,-47700
-1,52400,STARFRUIT,5029,1,5028.0,29.0,,,5035,30,,,,,5032.0,0.0,-47600
-1,52500,STARFRUIT,5034,1,5029.0,1.0,5028.0,27.0,5035,28,,,,,5034.5,0.0,-47500
-1,52600,STARFRUIT,5029,23,,,,,5032,4,5036.0,23.0,,,5030.5,0.0,-47400
-1,52700,STARFRUIT,5029,26,,,,,5036,27,,,,,5032.5,0.0,-47300
-1,52800,STARFRUIT,5029,26,,,,,5036,26,,,,,5032.5,0.0,-47200
-1,52900,STARFRUIT,5029,30,,,,,5036,30,,,,,5032.5,0.0,-47100
-1,53000,STARFRUIT,5029,21,,,,,5035,1,5036.0,20.0,,,5032.0,0.0,-47000
-1,53100,STARFRUIT,5028,24,,,,,5035,24,,,,,5031.5,0.0,-46900
-1,53200,STARFRUIT,5033,1,5027.0,31.0,,,5034,31,,,,,5033.5,0.0,-46800
-1,53300,STARFRUIT,5027,29,,,,,5034,29,,,,,5030.5,0.0,-46700
-1,53400,STARFRUIT,5028,2,5027.0,23.0,,,5034,25,,,,,5031.0,0.0,-46600
-1,53500,STARFRUIT,5027,23,,,,,5034,23,,,,,5030.5,0.0,-46500
-1,53600,STARFRUIT,5028,24,,,,,5035,24,,,,,5031.5,0.0,-46400
-1,53700,STARFRUIT,5028,30,,,,,5035,30,,,,,5031.5,0.0,-46300
-1,53800,STARFRUIT,5028,30,,,,,5035,30,,,,,5031.5,0.0,-46200
-1,53900,STARFRUIT,5028,27,,,,,5035,27,,,,,5031.5,0.0,-46100
-1,54000,STARFRUIT,5028,1,5027.0,30.0,,,5032,1,5034.0,31.0,,,5030.0,0.0,-46000
-1,54100,STARFRUIT,5028,24,,,,,5033,2,5034.0,2.0,5035.0,22.0,5030.5,0.0,-45900
-1,54200,STARFRUIT,5027,28,,,,,5034,28,,,,,5030.5,0.0,-45800
-1,54300,STARFRUIT,5032,1,5027.0,2.0,5026.0,23.0,5033,25,,,,,5032.5,0.0,-45700
-1,54400,STARFRUIT,5027,29,,,,,5034,29,,,,,5030.5,0.0,-45600
-1,54500,STARFRUIT,5028,21,,,,,5034,1,5035.0,20.0,,,5031.0,0.0,-45500
-1,54600,STARFRUIT,5028,27,,,,,5035,27,,,,,5031.5,0.0,-45400
-1,54700,STARFRUIT,5028,29,,,,,5030,4,5035.0,29.0,,,5029.0,0.0,-45300
-1,54800,STARFRUIT,5029,27,,,,,5034,1,5036.0,27.0,,,5031.5,0.0,-45200
-1,54900,STARFRUIT,5029,29,,,,,5036,29,,,,,5032.5,0.0,-45100
-1,55000,STARFRUIT,5030,6,5029.0,30.0,,,5036,30,,,,,5033.0,0.0,-45000
-1,55100,STARFRUIT,5031,8,5030.0,29.0,,,5037,29,,,,,5034.0,0.0,-44900
-1,55200,STARFRUIT,5030,23,,,,,5031,5,5035.0,8.0,5037.0,23.0,5030.5,0.0,-44800
-1,55300,STARFRUIT,5031,2,5030.0,27.0,,,5037,29,,,,,5034.0,0.0,-44700
-1,55400,STARFRUIT,5031,2,5030.0,22.0,,,5037,22,,,,,5034.0,0.0,-44600
-1,55500,STARFRUIT,5035,1,5031.0,4.0,5030.0,25.0,5037,25,,,,,5036.0,0.0,-44500
-1,55600,STARFRUIT,5031,3,5030.0,26.0,,,5037,26,,,,,5034.0,0.0,-44400
-1,55700,STARFRUIT,5031,2,5030.0,23.0,,,5036,2,5037.0,21.0,,,5033.5,0.0,-44300
-1,55800,STARFRUIT,5030,1,5029.0,26.0,,,5036,27,,,,,5033.0,0.0,-44200
-1,55900,STARFRUIT,5029,22,,,,,5036,22,,,,,5032.5,0.0,-44100
-1,56000,STARFRUIT,5029,24,,,,,5030,3,5036.0,24.0,,,5029.5,0.0,-44000
-1,56100,STARFRUIT,5028,22,,,,,5035,22,,,,,5031.5,0.0,-43900
-1,56200,STARFRUIT,5033,2,5029.0,1.0,5028.0,29.0,5035,30,,,,,5034.0,0.0,-43800
-1,56300,STARFRUIT,5030,6,5029.0,27.0,,,5036,27,,,,,5033.0,0.0,-43700
-1,56400,STARFRUIT,5029,31,,,,,5036,31,,,,,5032.5,0.0,-43600
-1,56500,STARFRUIT,5028,29,,,,,5035,29,,,,,5031.5,0.0,-43500
-1,56600,STARFRUIT,5028,31,,,,,5035,31,,,,,5031.5,0.0,-43400
-1,56700,STARFRUIT,5034,6,5029.0,26.0,,,5035,2,5036.0,24.0,,,5034.5,0.0,-43300
-1,56800,STARFRUIT,5029,24,,,,,5036,24,,,,,5032.5,0.0,-43200
-1,56900,STARFRUIT,5030,2,5029.0,22.0,,,5036,22,,,,,5033.0,0.0,-43100
-1,57000,STARFRUIT,5029,28,,,,,5034,8,5036.0,28.0,,,5031.5,0.0,-43000
-1,57100,STARFRUIT,5029,27,,,,,5036,27,,,,,5032.5,0.0,-42900
-1,57200,STARFRUIT,5035,1,5029.0,27.0,,,5036,27,,,,,5035.5,0.0,-42800
-1,57300,STARFRUIT,5030,27,,,,,5036,1,5037.0,26.0,,,5033.0,0.0,-42700
-1,57400,STARFRUIT,5029,24,,,,,5034,2,5036.0,24.0,,,5031.5,0.0,-42600
-1,57500,STARFRUIT,5034,5,5031.0,5.0,5030.0,25.0,5036,2,5037.0,23.0,,,5035.0,0.0,-42500
-1,57600,STARFRUIT,5030,24,,,,,5037,24,,,,,5033.5,0.0,-42400
-1,57700,STARFRUIT,5029,29,,,,,5036,29,,,,,5032.5,0.0,-42300
-1,57800,STARFRUIT,5029,31,,,,,5036,31,,,,,5032.5,0.0,-42200
-1,57900,STARFRUIT,5029,27,,,,,5032,6,5034.0,5.0,5036.0,27.0,5030.5,0.0,-42100
-1,58000,STARFRUIT,5030,4,5029.0,25.0,,,5036,25,,,,,5033.0,0.0,-42000
-1,58100,STARFRUIT,5028,23,,,,,5035,23,,,,,5031.5,0.0,-41900
-1,58200,STARFRUIT,5029,31,,,,,5035,1,5036.0,30.0,,,5032.0,0.0,-41800
-1,58300,STARFRUIT,5029,29,,,,,5036,29,,,,,5032.5,0.0,-41700
-1,58400,STARFRUIT,5029,23,,,,,5034,1,5036.0,23.0,,,5031.5,0.0,-41600
-1,58500,STARFRUIT,5029,21,,,,,5036,21,,,,,5032.5,0.0,-41500
-1,58600,STARFRUIT,5030,25,,,,,5035,7,5037.0,25.0,,,5032.5,0.0,-41400
-1,58700,STARFRUIT,5031,2,5030.0,32.0,,,5036,2,5037.0,30.0,,,5033.5,0.0,-41300
-1,58800,STARFRUIT,5029,29,,,,,5036,29,,,,,5032.5,0.0,-41200
-1,58900,STARFRUIT,5030,1,5029.0,24.0,,,5036,1,5037.0,24.0,,,5033.0,0.0,-41100
-1,59000,STARFRUIT,5030,22,,,,,5037,22,,,,,5033.5,0.0,-41000
-1,59100,STARFRUIT,5031,7,5030.0,27.0,,,5037,27,,,,,5034.0,0.0,-40900
-1,59200,STARFRUIT,5031,2,5030.0,29.0,,,5037,31,,,,,5034.0,0.0,-40800
-1,59300,STARFRUIT,5031,26,,,,,5036,2,5037.0,1.0,5038.0,26.0,5033.5,0.0,-40700
-1,59400,STARFRUIT,5031,22,,,,,5038,22,,,,,5034.5,0.0,-40600
-1,59500,STARFRUIT,5031,23,,,,,5038,23,,,,,5034.5,0.0,-40500
-1,59600,STARFRUIT,5031,2,5030.0,27.0,,,5037,29,,,,,5034.0,0.0,-40400
-1,59700,STARFRUIT,5030,21,,,,,5037,21,,,,,5033.5,0.0,-40300
-1,59800,STARFRUIT,5029,25,,,,,5036,25,,,,,5032.5,0.0,-40200
-1,59900,STARFRUIT,5030,1,5029.0,23.0,,,5036,24,,,,,5033.0,0.0,-40100
-1,60000,STARFRUIT,5030,22,,,,,5037,22,,,,,5033.5,0.0,-40000
-1,60100,STARFRUIT,5030,27,,,,,5037,27,,,,,5033.5,0.0,-39900
-1,60200,STARFRUIT,5034,3,5030.0,25.0,,,5037,25,,,,,5035.5,0.0,-39800
-1,60300,STARFRUIT,5030,28,,,,,5036,1,5037.0,27.0,,,5033.0,0.0,-39700
-1,60400,STARFRUIT,5030,21,,,,,5037,21,,,,,5033.5,0.0,-39600
-1,60500,STARFRUIT,5030,24,,,,,5037,24,,,,,5033.5,0.0,-39500
-1,60600,STARFRUIT,5031,4,5030.0,22.0,,,5037,24,,,,,5034.0,0.0,-39400
-1,60700,STARFRUIT,5030,22,,,,,5035,5,5037.0,22.0,,,5032.5,0.0,-39300
-1,60800,STARFRUIT,5030,1,5029.0,30.0,,,5036,32,,,,,5033.0,0.0,-39200
-1,60900,STARFRUIT,5029,31,,,,,5031,3,5034.0,4.0,5036.0,31.0,5030.0,0.0,-39100
-1,61000,STARFRUIT,5028,28,,,,,5035,28,,,,,5031.5,0.0,-39000
-1,61100,STARFRUIT,5029,29,,,,,5034,3,5036.0,29.0,,,5031.5,0.0,-38900
-1,61200,STARFRUIT,5029,22,,,,,5032,2,5036.0,22.0,,,5030.5,0.0,-38800
-1,61300,STARFRUIT,5030,1,5029.0,22.0,,,5036,1,5037.0,22.0,,,5033.0,0.0,-38700
-1,61400,STARFRUIT,5030,31,,,,,5036,1,5037.0,30.0,,,5033.0,0.0,-38600
-1,61500,STARFRUIT,5030,29,,,,,5037,29,,,,,5033.5,0.0,-38500
-1,61600,STARFRUIT,5029,30,,,,,5034,5,5036.0,30.0,,,5031.5,0.0,-38400
-1,61700,STARFRUIT,5029,27,,,,,5030,1,5034.0,7.0,5036.0,27.0,5029.5,0.0,-38300
-1,61800,STARFRUIT,5029,20,,,,,5036,20,,,,,5032.5,0.0,-38200
-1,61900,STARFRUIT,5028,26,,,,,5035,26,,,,,5031.5,0.0,-38100
-1,62000,STARFRUIT,5034,1,5028.0,20.0,,,5035,20,,,,,5034.5,0.0,-38000
-1,62100,STARFRUIT,5029,2,5028.0,23.0,,,5035,25,,,,,5032.0,0.0,-37900
-1,62200,STARFRUIT,5028,25,,,,,5035,25,,,,,5031.5,0.0,-37800
-1,62300,STARFRUIT,5028,22,,,,,5035,22,,,,,5031.5,0.0,-37700
-1,62400,STARFRUIT,5028,25,,,,,5033,8,5035.0,25.0,,,5030.5,0.0,-37600
-1,62500,STARFRUIT,5029,2,5028.0,24.0,,,5035,24,,,,,5032.0,0.0,-37500
-1,62600,STARFRUIT,5028,29,,,,,5035,29,,,,,5031.5,0.0,-37400
-1,62700,STARFRUIT,5028,26,,,,,5034,2,5035.0,24.0,,,5031.0,0.0,-37300
-1,62800,STARFRUIT,5027,26,,,,,5028,1,5032.0,1.0,5034.0,26.0,5027.5,0.0,-37200
-1,62900,STARFRUIT,5028,2,5027.0,27.0,,,5032,1,5034.0,29.0,,,5030.0,0.0,-37100
-1,63000,STARFRUIT,5027,29,,,,,5032,4,5034.0,29.0,,,5029.5,0.0,-37000
-1,63100,STARFRUIT,5028,1,5027.0,24.0,,,5034,26,,,,,5031.0,0.0,-36900
-1,63200,STARFRUIT,5027,28,,,,,5034,28,,,,,5030.5,0.0,-36800
-1,63300,STARFRUIT,5027,32,,,,,5034,32,,,,,5030.5,0.0,-36700
-1,63400,STARFRUIT,5032,3,5027.0,26.0,,,5034,26,,,,,5033.0,0.0,-36600
-1,63500,STARFRUIT,5027,2,5026.0,20.0,,,5033,20,,,,,5030.0,0.0,-36500
-1,63600,STARFRUIT,5032,1,5027.0,21.0,,,5034,21,,,,,5033.0,0.0,-36400
-1,63700,STARFRUIT,5028,8,5027.0,30.0,,,5034,30,,,,,5031.0,0.0,-36300
-1,63800,STARFRUIT,5027,21,,,,,5032,7,5034.0,22.0,,,5029.5,0.0,-36200
-1,63900,STARFRUIT,5027,21,,,,,5032,6,5034.0,21.0,,,5029.5,0.0,-36100
-1,64000,STARFRUIT,5027,30,,,,,5034,30,,,,,5030.5,0.0,-36000
-1,64100,STARFRUIT,5027,27,,,,,5034,27,,,,,5030.5,0.0,-35900
-1,64200,STARFRUIT,5027,25,,,,,5033,1,5034.0,24.0,,,5030.0,0.0,-35800
-1,64300,STARFRUIT,5027,1,5026.0,22.0,,,5033,23,,,,,5030.0,0.0,-35700
-1,64400,STARFRUIT,5027,2,5026.0,29.0,,,5033,29,,,,,5030.0,0.0,-35600
-1,64500,STARFRUIT,5027,2,5026.0,27.0,,,5031,6,5033.0,29.0,,,5029.0,0.0,-35500
-1,64600,STARFRUIT,5026,26,,,,,5033,26,,,,,5029.5,0.0,-35400
-1,64700,STARFRUIT,5026,28,,,,,5033,28,,,,,5029.5,0.0,-35300
-1,64800,STARFRUIT,5027,2,5026.0,30.0,,,5033,32,,,,,5030.0,0.0,-35200
-1,64900,STARFRUIT,5027,31,,,,,5032,3,5034.0,31.0,,,5029.5,0.0,-35100
-1,65000,STARFRUIT,5027,25,,,,,5034,25,,,,,5030.5,0.0,-35000
-1,65100,STARFRUIT,5028,2,5027.0,23.0,,,5034,25,,,,,5031.0,0.0,-34900
-1,65200,STARFRUIT,5034,1,5028.0,29.0,,,5035,29,,,,,5034.5,0.0,-34800
-1,65300,STARFRUIT,5028,21,,,,,5033,2,5035.0,21.0,,,5030.5,0.0,-34700
-1,65400,STARFRUIT,5027,28,,,,,5030,3,5034.0,28.0,,,5028.5,0.0,-34600
-1,65500,STARFRUIT,5028,7,5027.0,29.0,,,5034,29,,,,,5031.0,0.0,-34500
-1,65600,STARFRUIT,5027,20,,,,,5034,20,,,,,5030.5,0.0,-34400
-1,65700,STARFRUIT,5027,29,,,,,5034,29,,,,,5030.5,0.0,-34300
-1,65800,STARFRUIT,5027,20,,,,,5032,7,5034.0,20.0,,,5029.5,0.0,-34200
-1,65900,STARFRUIT,5029,5,5028.0,24.0,,,5034,1,5035.0,23.0,,,5031.5,0.0,-34100
-1,66000,STARFRUIT,5028,2,5027.0,22.0,,,5034,24,,,,,5031.0,0.0,-34000
-1,66100,STARFRUIT,5027,27,,,,,5033,1,5034.0,26.0,,,5030.0,0.0,-33900
-1,66200,STARFRUIT,5030,5,5027.0,20.0,,,5034,20,,,,,5032.0,0.0,-33800
-1,66300,STARFRUIT,5033,1,5028.0,2.0,5027.0,25.0,5034,25,,,,,5033.5,0.0,-33700
-1,66400,STARFRUIT,5027,21,,,,,5034,21,,,,,5030.5,0.0,-33600
-1,66500,STARFRUIT,5027,22,,,,,5034,22,,,,,5030.5,0.0,-33500
-1,66600,STARFRUIT,5027,22,,,,,5032,3,5034.0,22.0,,,5029.5,0.0,-33400
-1,66700,STARFRUIT,5026,27,,,,,5033,27,,,,,5029.5,0.0,-33300
-1,66800,STARFRUIT,5026,30,,,,,5033,30,,,,,5029.5,0.0,-33200
-1,66900,STARFRUIT,5032,1,5027.0,4.0,5026.0,23.0,5033,23,,,,,5032.5,0.0,-33100
-1,67000,STARFRUIT,5028,1,5027.0,24.0,,,5034,25,,,,,5031.0,0.0,-33000
-1,67100,STARFRUIT,5027,23,,,,,5034,23,,,,,5030.5,0.0,-32900
-1,67200,STARFRUIT,5027,21,,,,,5033,2,5034.0,20.0,,,5030.0,0.0,-32800
-1,67300,STARFRUIT,5028,1,5027.0,30.0,,,5034,30,,,,,5031.0,0.0,-32700
-1,67400,STARFRUIT,5027,26,,,,,5034,26,,,,,5030.5,0.0,-32600
-1,67500,STARFRUIT,5027,20,,,,,5034,21,,,,,5030.5,0.0,-32500
-1,67600,STARFRUIT,5027,27,,,,,5034,27,,,,,5030.5,0.0,-32400
-1,67700,STARFRUIT,5028,3,5027.0,30.0,,,5034,30,,,,,5031.0,0.0,-32300
-1,67800,STARFRUIT,5028,8,5027.0,30.0,,,5034,30,,,,,5031.0,0.0,-32200
-1,67900,STARFRUIT,5027,25,,,,,5034,25,,,,,5030.5,0.0,-32100
-1,68000,STARFRUIT,5026,23,,,,,5033,23,,,,,5029.5,0.0,-32000
-1,68100,STARFRUIT,5027,2,5026.0,29.0,,,5031,4,5033.0,31.0,,,5029.0,0.0,-31900
-1,68200,STARFRUIT,5031,1,5026.0,31.0,,,5033,31,,,,,5032.0,0.0,-31800
-1,68300,STARFRUIT,5032,1,5026.0,29.0,,,5033,29,,,,,5032.5,0.0,-31700
-1,68400,STARFRUIT,5026,28,,,,,5033,28,,,,,5029.5,0.0,-31600
-1,68500,STARFRUIT,5027,23,,,,,5034,23,,,,,5030.5,0.0,-31500
-1,68600,STARFRUIT,5027,24,,,,,5034,25,,,,,5030.5,0.0,-31400
-1,68700,STARFRUIT,5027,28,,,,,5034,28,,,,,5030.5,0.0,-31300
-1,68800,STARFRUIT,5027,22,,,,,5034,22,,,,,5030.5,0.0,-31200
-1,68900,STARFRUIT,5032,1,5027.0,28.0,,,5033,1,5034.0,27.0,,,5032.5,0.0,-31100
-1,69000,STARFRUIT,5026,30,,,,,5033,30,,,,,5029.5,0.0,-31000
-1,69100,STARFRUIT,5025,30,,,,,5032,31,,,,,5028.5,0.0,-30900
-1,69200,STARFRUIT,5030,1,5029.0,2.0,5025.0,30.0,5032,30,,,,,5031.0,0.0,-30800
-1,69300,STARFRUIT,5030,1,5024.0,21.0,,,5031,21,,,,,5030.5,0.0,-30700
-1,69400,STARFRUIT,5024,26,,,,,5031,26,,,,,5027.5,0.0,-30600
-1,69500,STARFRUIT,5025,6,5024.0,26.0,,,5031,26,,,,,5028.0,0.0,-30500
-1,69600,STARFRUIT,5024,23,,,,,5025,1,5031.0,23.0,,,5024.5,0.0,-30400
-1,69700,STARFRUIT,5025,21,,,,,5031,1,5032.0,20.0,,,5028.0,0.0,-30300
-1,69800,STARFRUIT,5025,24,,,,,5032,24,,,,,5028.5,0.0,-30200
-1,69900,STARFRUIT,5025,29,,,,,5032,29,,,,,5028.5,0.0,-30100
-1,70000,STARFRUIT,5025,29,,,,,5031,2,5032.0,27.0,,,5028.0,0.0,-30000
-1,70100,STARFRUIT,5025,1,5024.0,22.0,,,5031,2,5032.0,22.0,,,5028.0,0.0,-29900
-1,70200,STARFRUIT,5025,1,5024.0,21.0,,,5031,22,,,,,5028.0,0.0,-29800
-1,70300,STARFRUIT,5025,1,5024.0,25.0,,,5031,26,,,,,5028.0,0.0,-29700
-1,70400,STARFRUIT,5025,26,,,,,5030,6,5032.0,26.0,,,5027.5,0.0,-29600
-1,70500,STARFRUIT,5024,23,,,,,5027,3,5029.0,3.0,5031.0,23.0,5025.5,0.0,-29500
-1,70600,STARFRUIT,5026,6,5025.0,28.0,,,5031,1,5032.0,27.0,,,5028.5,0.0,-29400
-1,70700,STARFRUIT,5025,26,,,,,5032,26,,,,,5028.5,0.0,-29300
-1,70800,STARFRUIT,5025,26,,,,,5032,27,,,,,5028.5,0.0,-29200
-1,70900,STARFRUIT,5025,32,,,,,5032,32,,,,,5028.5,0.0,-29100
-1,71000,STARFRUIT,5026,1,5025.0,29.0,,,5032,30,,,,,5029.0,0.0,-29000
-1,71100,STARFRUIT,5025,22,,,,,5032,22,,,,,5028.5,0.0,-28900
-1,71200,STARFRUIT,5026,28,,,,,5032,1,5033.0,28.0,,,5029.0,0.0,-28800
-1,71300,STARFRUIT,5026,28,,,,,5031,4,5033.0,28.0,,,5028.5,0.0,-28700
-1,71400,STARFRUIT,5026,26,,,,,5033,26,,,,,5029.5,0.0,-28600
-1,71500,STARFRUIT,5026,28,,,,,5027,3,5033.0,28.0,,,5026.5,0.0,-28500
-1,71600,STARFRUIT,5026,1,5025.0,27.0,,,5032,1,5033.0,27.0,,,5029.0,0.0,-28400
-1,71700,STARFRUIT,5026,31,,,,,5031,4,5032.0,2.0,5033.0,29.0,5028.5,0.0,-28300
-1,71800,STARFRUIT,5026,2,5025.0,25.0,,,5032,27,,,,,5029.0,0.0,-28200
-1,71900,STARFRUIT,5025,26,,,,,5031,1,5032.0,25.0,,,5028.0,0.0,-28100
-1,72000,STARFRUIT,5025,21,,,,,5030,6,5032.0,21.0,,,5027.5,0.0,-28000
-1,72100,STARFRUIT,5025,21,,,,,5030,5,5032.0,21.0,,,5027.5,0.0,-27900
-1,72200,STARFRUIT,5029,3,5025.0,31.0,,,5032,31,,,,,5030.5,0.0,-27800
-1,72300,STARFRUIT,5025,1,5024.0,22.0,,,5031,1,5032.0,22.0,,,5028.0,0.0,-27700
-1,72400,STARFRUIT,5025,22,,,,,5030,6,5032.0,22.0,,,5027.5,0.0,-27600
-1,72500,STARFRUIT,5026,7,5025.0,27.0,,,5032,27,,,,,5029.0,0.0,-27500
-1,72600,STARFRUIT,5025,8,5024.0,27.0,,,5026,4,5031.0,29.0,,,5025.5,0.0,-27400
-1,72700,STARFRUIT,5024,23,,,,,5032,23,,,,,5028.0,0.0,-27300
-1,72800,STARFRUIT,5024,20,,,,,5031,20,,,,,5027.5,0.0,-27200
-1,72900,STARFRUIT,5024,24,,,,,5031,24,,,,,5027.5,0.0,-27100
-1,73000,STARFRUIT,5024,21,,,,,5029,2,5031.0,22.0,,,5026.5,0.0,-27000
-1,73100,STARFRUIT,5026,2,5025.0,29.0,,,5032,31,,,,,5029.0,0.0,-26900
-1,73200,STARFRUIT,5025,21,,,,,5032,21,,,,,5028.5,0.0,-26800
-1,73300,STARFRUIT,5025,30,,,,,5032,30,,,,,5028.5,0.0,-26700
-1,73400,STARFRUIT,5026,30,,,,,5031,4,5033.0,30.0,,,5028.5,0.0,-26600
-1,73500,STARFRUIT,5026,25,,,,,5032,2,5033.0,23.0,,,5029.0,0.0,-26500
-1,73600,STARFRUIT,5026,25,,,,,5033,25,,,,,5029.5,0.0,-26400
-1,73700,STARFRUIT,5025,24,,,,,5032,24,,,,,5028.5,0.0,-26300
-1,73800,STARFRUIT,5025,24,,,,,5030,5,5032.0,24.0,,,5027.5,0.0,-26200
-1,73900,STARFRUIT,5025,30,,,,,5026,3,5032.0,30.0,,,5025.5,0.0,-26100
-1,74000,STARFRUIT,5026,2,5025.0,24.0,,,5030,3,5032.0,26.0,,,5028.0,0.0,-26000
-1,74100,STARFRUIT,5029,6,5026.0,32.0,,,5033,32,,,,,5031.0,0.0,-25900
-1,74200,STARFRUIT,5026,22,,,,,5033,22,,,,,5029.5,0.0,-25800
-1,74300,STARFRUIT,5027,5,5026.0,32.0,,,5033,32,,,,,5030.0,0.0,-25700
-1,74400,STARFRUIT,5027,30,,,,,5034,30,,,,,5030.5,0.0,-25600
-1,74500,STARFRUIT,5030,3,5027.0,29.0,,,5034,29,,,,,5032.0,0.0,-25500
-1,74600,STARFRUIT,5027,29,,,,,5034,29,,,,,5030.5,0.0,-25400
-1,74700,STARFRUIT,5027,32,,,,,5034,32,,,,,5030.5,0.0,-25300
-1,74800,STARFRUIT,5027,26,,,,,5034,26,,,,,5030.5,0.0,-25200
-1,74900,STARFRUIT,5028,31,,,,,5034,1,5035.0,30.0,,,5031.0,0.0,-25100
-1,75000,STARFRUIT,5033,1,5027.0,27.0,,,5034,27,,,,,5033.5,0.0,-25000
-1,75100,STARFRUIT,5027,30,,,,,5034,30,,,,,5030.5,0.0,-24900
-1,75200,STARFRUIT,5031,3,5027.0,26.0,,,5034,26,,,,,5032.5,0.0,-24800
-1,75300,STARFRUIT,5027,1,5026.0,28.0,,,5033,29,,,,,5030.0,0.0,-24700
-1,75400,STARFRUIT,5026,31,,,,,5033,31,,,,,5029.5,0.0,-24600
-1,75500,STARFRUIT,5027,4,5026.0,30.0,,,5033,30,,,,,5030.0,0.0,-24500
-1,75600,STARFRUIT,5026,28,,,,,5033,28,,,,,5029.5,0.0,-24400
-1,75700,STARFRUIT,5026,27,,,,,5031,3,5033.0,27.0,,,5028.5,0.0,-24300
-1,75800,STARFRUIT,5027,30,,,,,5033,1,5034.0,29.0,,,5030.0,0.0,-24200
-1,75900,STARFRUIT,5027,21,,,,,5034,21,,,,,5030.5,0.0,-24100
-1,76000,STARFRUIT,5028,32,,,,,5034,2,5035.0,30.0,,,5031.0,0.0,-24000
-1,76100,STARFRUIT,5028,1,5027.0,20.0,,,5034,21,,,,,5031.0,0.0,-23900
-1,76200,STARFRUIT,5028,1,5027.0,21.0,,,5034,22,,,,,5031.0,0.0,-23800
-1,76300,STARFRUIT,5028,6,5027.0,27.0,,,5034,27,,,,,5031.0,0.0,-23700
-1,76400,STARFRUIT,5028,28,,,,,5035,28,,,,,5031.5,0.0,-23600
-1,76500,STARFRUIT,5028,7,5027.0,27.0,,,5034,28,,,,,5031.0,0.0,-23500
-1,76600,STARFRUIT,5028,30,,,,,5034,2,5035.0,28.0,,,5031.0,0.0,-23400
-1,76700,STARFRUIT,5027,26,,,,,5032,4,5034.0,26.0,,,5029.5,0.0,-23300
-1,76800,STARFRUIT,5027,25,,,,,5034,25,,,,,5030.5,0.0,-23200
-1,76900,STARFRUIT,5027,24,,,,,5028,4,5029.0,2.0,5034.0,24.0,5027.5,0.0,-23100
-1,77000,STARFRUIT,5027,27,,,,,5034,27,,,,,5030.5,0.0,-23000
-1,77100,STARFRUIT,5032,2,5030.0,3.0,5028.0,1.0,5034,30,,,,,5033.0,0.0,-22900
-1,77200,STARFRUIT,5028,1,5027.0,27.0,,,5032,7,5034.0,28.0,,,5030.0,0.0,-22800
-1,77300,STARFRUIT,5027,24,,,,,5034,24,,,,,5030.5,0.0,-22700
-1,77400,STARFRUIT,5027,30,,,,,5034,30,,,,,5030.5,0.0,-22600
-1,77500,STARFRUIT,5028,30,,,,,5034,2,5035.0,28.0,,,5031.0,0.0,-22500
-1,77600,STARFRUIT,5029,5,5028.0,25.0,,,5035,27,,,,,5032.0,0.0,-22400
-1,77700,STARFRUIT,5028,26,,,,,5035,26,,,,,5031.5,0.0,-22300
-1,77800,STARFRUIT,5029,1,5028.0,25.0,,,5033,2,5035.0,26.0,,,5031.0,0.0,-22200
-1,77900,STARFRUIT,5030,7,5029.0,32.0,,,5036,32,,,,,5033.0,0.0,-22100
-1,78000,STARFRUIT,5030,7,5029.0,23.0,,,5036,23,,,,,5033.0,0.0,-22000
-1,78100,STARFRUIT,5029,24,,,,,5030,1,5031.0,3.0,5036.0,24.0,5029.5,0.0,-21900
-1,78200,STARFRUIT,5029,27,,,,,5034,2,5036.0,27.0,,,5031.5,0.0,-21800
-1,78300,STARFRUIT,5029,30,,,,,5036,30,,,,,5032.5,0.0,-21700
-1,78400,STARFRUIT,5029,26,,,,,5034,5,5036.0,26.0,,,5031.5,0.0,-21600
-1,78500,STARFRUIT,5029,23,,,,,5036,23,,,,,5032.5,0.0,-21500
-1,78600,STARFRUIT,5029,22,,,,,5036,22,,,,,5032.5,0.0,-21400
-1,78700,STARFRUIT,5030,32,,,,,5031,2,5037.0,32.0,,,5030.5,0.0,-21300
-1,78800,STARFRUIT,5031,4,5030.0,23.0,,,5037,23,,,,,5034.0,0.0,-21200
-1,78900,STARFRUIT,5035,1,5030.0,26.0,,,5037,26,,,,,5036.0,0.0,-21100
-1,79000,STARFRUIT,5031,28,,,,,5032,3,5036.0,3.0,5038.0,28.0,5031.5,0.0,-21000
-1,79100,STARFRUIT,5031,23,,,,,5037,1,5038.0,23.0,,,5034.0,0.0,-20900
-1,79200,STARFRUIT,5031,21,,,,,5032,5,5036.0,2.0,5038.0,21.0,5031.5,0.0,-20800
-1,79300,STARFRUIT,5032,4,5031.0,30.0,,,5038,30,,,,,5035.0,0.0,-20700
-1,79400,STARFRUIT,5031,28,,,,,5032,1,5038.0,28.0,,,5031.5,0.0,-20600
-1,79500,STARFRUIT,5032,2,5031.0,24.0,,,5038,26,,,,,5035.0,0.0,-20500
-1,79600,STARFRUIT,5031,25,,,,,5038,25,,,,,5034.5,0.0,-20400
-1,79700,STARFRUIT,5031,24,,,,,5038,24,,,,,5034.5,0.0,-20300
-1,79800,STARFRUIT,5030,21,,,,,5035,8,5037.0,21.0,,,5032.5,0.0,-20200
-1,79900,STARFRUIT,5030,30,,,,,5031,1,5037.0,30.0,,,5030.5,0.0,-20100
-1,80000,STARFRUIT,5030,32,,,,,5037,32,,,,,5033.5,0.0,-20000
-1,80100,STARFRUIT,5035,4,5031.0,29.0,,,5038,29,,,,,5036.5,0.0,-19900
-1,80200,STARFRUIT,5030,28,,,,,5037,28,,,,,5033.5,0.0,-19800
-1,80300,STARFRUIT,5031,27,,,,,5038,27,,,,,5034.5,0.0,-19700
-1,80400,STARFRUIT,5030,26,,,,,5037,26,,,,,5033.5,0.0,-19600
-1,80500,STARFRUIT,5030,28,,,,,5033,6,5037.0,28.0,,,5031.5,0.0,-19500
-1,80600,STARFRUIT,5034,4,5030.0,2.0,5029.0,24.0,5036,2,5037.0,24.0,,,5035.0,0.0,-19400
-1,80700,STARFRUIT,5030,31,,,,,5037,31,,,,,5033.5,0.0,-19300
-1,80800,STARFRUIT,5036,1,5031.0,5.0,5030.0,30.0,5037,30,,,,,5036.5,0.0,-19200
-1,80900,STARFRUIT,5032,4,5031.0,21.0,,,5038,21,,,,,5035.0,0.0,-19100
-1,81000,STARFRUIT,5031,29,,,,,5038,29,,,,,5034.5,0.0,-19000
-1,81100,STARFRUIT,5036,1,5031.0,26.0,,,5038,26,,,,,5037.0,0.0,-18900
-1,81200,STARFRUIT,5036,1,5031.0,22.0,,,5038,22,,,,,5037.0,0.0,-18800
-1,81300,STARFRUIT,5031,31,,,,,5037,1,5038.0,30.0,,,5034.0,0.0,-18700
-1,81400,STARFRUIT,5032,1,5031.0,25.0,,,5036,7,5038.0,26.0,,,5034.0,0.0,-18600
-1,81500,STARFRUIT,5033,6,5032.0,25.0,,,5038,2,5039.0,23.0,,,5035.5,0.0,-18500
-1,81600,STARFRUIT,5032,2,5031.0,24.0,,,5038,26,,,,,5035.0,0.0,-18400
-1,81700,STARFRUIT,5032,6,5031.0,24.0,,,5037,1,5038.0,23.0,,,5034.5,0.0,-18300
-1,81800,STARFRUIT,5032,2,5031.0,23.0,,,5038,25,,,,,5035.0,0.0,-18200
-1,81900,STARFRUIT,5032,30,,,,,5039,30,,,,,5035.5,0.0,-18100
-1,82000,STARFRUIT,5032,22,,,,,5039,22,,,,,5035.5,0.0,-18000
-1,82100,STARFRUIT,5033,2,5032.0,25.0,,,5039,27,,,,,5036.0,0.0,-17900
-1,82200,STARFRUIT,5032,25,,,,,5039,25,,,,,5035.5,0.0,-17800
-1,82300,STARFRUIT,5033,2,5032.0,26.0,,,5039,28,,,,,5036.0,0.0,-17700
-1,82400,STARFRUIT,5033,1,5032.0,20.0,,,5039,21,,,,,5036.0,0.0,-17600
-1,82500,STARFRUIT,5033,22,,,,,5040,23,,,,,5036.5,0.0,-17500
-1,82600,STARFRUIT,5034,2,5033.0,25.0,,,5035,3,5038.0,7.0,5040.0,27.0,5034.5,0.0,-17400
-1,82700,STARFRUIT,5034,22,,,,,5041,22,,,,,5037.5,0.0,-17300
-1,82800,STARFRUIT,5034,22,,,,,5041,22,,,,,5037.5,0.0,-17200
-1,82900,STARFRUIT,5034,21,,,,,5041,21,,,,,5037.5,0.0,-17100
-1,83000,STARFRUIT,5035,1,5034.0,24.0,,,5041,25,,,,,5038.0,0.0,-17000
-1,83100,STARFRUIT,5034,9,5033.0,27.0,,,5035,3,5040.0,2.0,5041.0,27.0,5034.5,0.0,-16900
-1,83200,STARFRUIT,5034,27,,,,,5040,2,5041.0,25.0,,,5037.0,0.0,-16800
-1,83300,STARFRUIT,5034,26,,,,,5041,26,,,,,5037.5,0.0,-16700
-1,83400,STARFRUIT,5035,28,,,,,5041,2,5042.0,26.0,,,5038.0,0.0,-16600
-1,83500,STARFRUIT,5035,1,5034.0,26.0,,,5041,27,,,,,5038.0,0.0,-16500
-1,83600,STARFRUIT,5034,23,,,,,5041,23,,,,,5037.5,0.0,-16400
-1,83700,STARFRUIT,5035,24,,,,,5042,25,,,,,5038.5,0.0,-16300
-1,83800,STARFRUIT,5035,30,,,,,5041,2,5042.0,28.0,,,5038.0,0.0,-16200
-1,83900,STARFRUIT,5035,27,,,,,5042,27,,,,,5038.5,0.0,-16100
-1,84000,STARFRUIT,5040,1,5036.0,4.0,5035.0,25.0,5041,1,5042.0,24.0,,,5040.5,0.0,-16000
-1,84100,STARFRUIT,5035,21,,,,,5042,21,,,,,5038.5,0.0,-15900
-1,84200,STARFRUIT,5036,5,5035.0,29.0,,,5042,29,,,,,5039.0,0.0,-15800
-1,84300,STARFRUIT,5035,32,,,,,5042,32,,,,,5038.5,0.0,-15700
-1,84400,STARFRUIT,5035,20,,,,,5042,20,,,,,5038.5,0.0,-15600
-1,84500,STARFRUIT,5036,4,5035.0,24.0,,,5042,24,,,,,5039.0,0.0,-15500
-1,84600,STARFRUIT,5040,1,5035.0,25.0,,,5041,2,5042.0,23.0,,,5040.5,0.0,-15400
-1,84700,STARFRUIT,5036,1,5035.0,29.0,,,5042,30,,,,,5039.0,0.0,-15300
-1,84800,STARFRUIT,5036,5,5035.0,28.0,,,5042,30,,,,,5039.0,0.0,-15200
-1,84900,STARFRUIT,5035,29,,,,,5040,1,5042.0,29.0,,,5037.5,0.0,-15100
-1,85000,STARFRUIT,5035,24,,,,,5042,24,,,,,5038.5,0.0,-15000
-1,85100,STARFRUIT,5035,26,,,,,5041,1,5042.0,25.0,,,5038.0,0.0,-14900
-1,85200,STARFRUIT,5036,24,,,,,5042,2,5043.0,22.0,,,5039.0,0.0,-14800
-1,85300,STARFRUIT,5036,3,5035.0,22.0,,,5042,23,,,,,5039.0,0.0,-14700
-1,85400,STARFRUIT,5037,4,5036.0,22.0,,,5043,22,,,,,5040.0,0.0,-14600
-1,85500,STARFRUIT,5037,2,5036.0,28.0,,,5043,30,,,,,5040.0,0.0,-14500
-1,85600,STARFRUIT,5041,4,5038.0,7.0,5037.0,22.0,5043,2,5044.0,20.0,,,5042.0,0.0,-14400
-1,85700,STARFRUIT,5037,28,,,,,5043,1,5044.0,27.0,,,5040.0,0.0,-14300
-1,85800,STARFRUIT,5037,30,,,,,5040,6,5043.0,1.0,5044.0,30.0,5038.5,0.0,-14200
-1,85900,STARFRUIT,5036,31,,,,,5043,31,,,,,5039.5,0.0,-14100
-1,86000,STARFRUIT,5039,5,5036.0,26.0,,,5042,2,5043.0,24.0,,,5040.5,0.0,-14000
-1,86100,STARFRUIT,5036,1,5035.0,26.0,,,5042,27,,,,,5039.0,0.0,-13900
-1,86200,STARFRUIT,5036,1,5035.0,23.0,,,5037,3,5042.0,24.0,,,5036.5,0.0,-13800
-1,86300,STARFRUIT,5035,28,,,,,5042,28,,,,,5038.5,0.0,-13700
-1,86400,STARFRUIT,5036,3,5035.0,31.0,,,5042,31,,,,,5039.0,0.0,-13600
-1,86500,STARFRUIT,5036,1,5035.0,26.0,,,5042,27,,,,,5039.0,0.0,-13500
-1,86600,STARFRUIT,5036,25,,,,,5041,1,5043.0,25.0,,,5038.5,0.0,-13400
-1,86700,STARFRUIT,5039,1,5036.0,21.0,,,5041,3,5043.0,21.0,,,5040.0,0.0,-13300
-1,86800,STARFRUIT,5036,25,,,,,5043,25,,,,,5039.5,0.0,-13200
-1,86900,STARFRUIT,5041,2,5036.0,21.0,,,5043,21,,,,,5042.0,0.0,-13100
-1,87000,STARFRUIT,5036,22,,,,,5043,22,,,,,5039.5,0.0,-13000
-1,87100,STARFRUIT,5037,4,5036.0,21.0,,,5043,21,,,,,5040.0,0.0,-12900
-1,87200,STARFRUIT,5036,1,5035.0,27.0,,,5042,28,,,,,5039.0,0.0,-12800
-1,87300,STARFRUIT,5036,2,5035.0,30.0,,,5042,2,5043.0,30.0,,,5039.0,0.0,-12700
-1,87400,STARFRUIT,5036,1,5035.0,26.0,,,5042,2,5043.0,26.0,,,5039.0,0.0,-12600
-1,87500,STARFRUIT,5035,30,,,,,5042,30,,,,,5038.5,0.0,-12500
-1,87600,STARFRUIT,5035,23,,,,,5042,23,,,,,5038.5,0.0,-12400
-1,87700,STARFRUIT,5035,20,,,,,5042,21,,,,,5038.5,0.0,-12300
-1,87800,STARFRUIT,5035,27,,,,,5042,27,,,,,5038.5,0.0,-12200
-1,87900,STARFRUIT,5035,24,,,,,5042,24,,,,,5038.5,0.0,-12100
-1,88000,STARFRUIT,5036,27,,,,,5042,2,5043.0,25.0,,,5039.0,0.0,-12000
-1,88100,STARFRUIT,5036,2,5035.0,25.0,,,5042,27,,,,,5039.0,0.0,-11900
-1,88200,STARFRUIT,5036,10,5035.0,22.0,,,5042,24,,,,,5039.0,0.0,-11800
-1,88300,STARFRUIT,5035,24,,,,,5042,1,5043.0,24.0,,,5038.5,0.0,-11700
-1,88400,STARFRUIT,5036,30,,,,,5041,8,5043.0,30.0,,,5038.5,0.0,-11600
-1,88500,STARFRUIT,5036,28,,,,,5043,28,,,,,5039.5,0.0,-11500
-1,88600,STARFRUIT,5036,23,,,,,5037,2,5039.0,5.0,5043.0,23.0,5036.5,0.0,-11400
-1,88700,STARFRUIT,5036,25,,,,,5041,4,5043.0,25.0,,,5038.5,0.0,-11300
-1,88800,STARFRUIT,5037,2,5036.0,28.0,,,5038,2,5043.0,30.0,,,5037.5,0.0,-11200
-1,88900,STARFRUIT,5036,25,,,,,5037,1,5043.0,25.0,,,5036.5,0.0,-11100
-1,89000,STARFRUIT,5037,2,5036.0,20.0,,,5041,3,5043.0,22.0,,,5039.0,0.0,-11000
-1,89100,STARFRUIT,5037,6,5036.0,27.0,,,5043,27,,,,,5040.0,0.0,-10900
-1,89200,STARFRUIT,5036,28,,,,,5041,5,5042.0,1.0,5043.0,27.0,5038.5,0.0,-10800
-1,89300,STARFRUIT,5036,28,,,,,5043,28,,,,,5039.5,0.0,-10700
-1,89400,STARFRUIT,5036,20,,,,,5043,20,,,,,5039.5,0.0,-10600
-1,89500,STARFRUIT,5036,31,,,,,5042,1,5043.0,30.0,,,5039.0,0.0,-10500
-1,89600,STARFRUIT,5036,25,,,,,5041,6,5043.0,25.0,,,5038.5,0.0,-10400
-1,89700,STARFRUIT,5037,3,5036.0,28.0,,,5043,30,,,,,5040.0,0.0,-10300
-1,89800,STARFRUIT,5036,24,,,,,5037,1,5044.0,24.0,,,5036.5,0.0,-10200
-1,89900,STARFRUIT,5037,23,,,,,5044,23,,,,,5040.5,0.0,-10100
-1,90000,STARFRUIT,5037,29,,,,,5043,1,5044.0,28.0,,,5040.0,0.0,-10000
-1,90100,STARFRUIT,5038,8,5037.0,28.0,,,5043,1,5044.0,27.0,,,5040.5,0.0,-9900
-1,90200,STARFRUIT,5037,4,5036.0,23.0,,,5044,23,,,,,5040.5,0.0,-9800
-1,90300,STARFRUIT,5037,2,5036.0,21.0,,,5043,23,,,,,5040.0,0.0,-9700
-1,90400,STARFRUIT,5037,8,5036.0,26.0,,,5043,28,,,,,5040.0,0.0,-9600
-1,90500,STARFRUIT,5037,26,,,,,5044,26,,,,,5040.5,0.0,-9500
-1,90600,STARFRUIT,5038,1,5037.0,22.0,,,5044,1,5045.0,22.0,,,5041.0,0.0,-9400
-1,90700,STARFRUIT,5038,26,,,,,5044,2,5045.0,24.0,,,5041.0,0.0,-9300
-1,90800,STARFRUIT,5038,25,,,,,5045,25,,,,,5041.5,0.0,-9200
-1,90900,STARFRUIT,5043,1,5038.0,25.0,,,5045,25,,,,,5044.0,0.0,-9100
-1,91000,STARFRUIT,5043,1,5038.0,30.0,,,5045,30,,,,,5044.0,0.0,-9000
-1,91100,STARFRUIT,5037,23,,,,,5044,23,,,,,5040.5,0.0,-8900
-1,91200,STARFRUIT,5037,22,,,,,5044,22,,,,,5040.5,0.0,-8800
-1,91300,STARFRUIT,5038,3,5037.0,20.0,,,5044,20,,,,,5041.0,0.0,-8700
-1,91400,STARFRUIT,5037,21,,,,,5044,21,,,,,5040.5,0.0,-8600
-1,91500,STARFRUIT,5037,23,,,,,5044,23,,,,,5040.5,0.0,-8500
-1,91600,STARFRUIT,5040,2,5037.0,27.0,,,5044,27,,,,,5042.0,0.0,-8400
-1,91700,STARFRUIT,5043,1,5042.0,4.0,5038.0,30.0,5045,30,,,,,5044.0,0.0,-8300
-1,91800,STARFRUIT,5044,1,5038.0,26.0,,,5045,26,,,,,5044.5,0.0,-8200
-1,91900,STARFRUIT,5041,3,5038.0,30.0,,,5045,30,,,,,5043.0,0.0,-8100
-1,92000,STARFRUIT,5038,28,,,,,5043,1,5045.0,28.0,,,5040.5,0.0,-8000
-1,92100,STARFRUIT,5039,28,,,,,5046,28,,,,,5042.5,0.0,-7900
-1,92200,STARFRUIT,5040,23,,,,,5046,1,5047.0,22.0,,,5043.0,0.0,-7800
-1,92300,STARFRUIT,5040,26,,,,,5046,1,5047.0,25.0,,,5043.0,0.0,-7700
-1,92400,STARFRUIT,5040,25,,,,,5047,25,,,,,5043.5,0.0,-7600
-1,92500,STARFRUIT,5040,23,,,,,5047,23,,,,,5043.5,0.0,-7500
-1,92600,STARFRUIT,5046,1,5041.0,1.0,5040.0,24.0,5047,25,,,,,5046.5,0.0,-7400
-1,92700,STARFRUIT,5041,4,5040.0,29.0,,,5046,2,5047.0,27.0,,,5043.5,0.0,-7300
-1,92800,STARFRUIT,5040,2,5039.0,20.0,,,5046,2,5047.0,20.0,,,5043.0,0.0,-7200
-1,92900,STARFRUIT,5040,27,,,,,5047,27,,,,,5043.5,0.0,-7100
-1,93000,STARFRUIT,5040,7,5039.0,20.0,,,5047,20,,,,,5043.5,0.0,-7000
-1,93100,STARFRUIT,5044,3,5039.0,22.0,,,5046,22,,,,,5045.0,0.0,-6900
-1,93200,STARFRUIT,5039,21,,,,,5044,2,5046.0,21.0,,,5041.5,0.0,-6800
-1,93300,STARFRUIT,5044,1,5039.0,29.0,,,5046,29,,,,,5045.0,0.0,-6700
-1,93400,STARFRUIT,5039,29,,,,,5045,2,5046.0,27.0,,,5042.0,0.0,-6600
-1,93500,STARFRUIT,5041,2,5039.0,1.0,5038.0,25.0,5044,6,5045.0,1.0,5046.0,25.0,5042.5,0.0,-6500
-1,93600,STARFRUIT,5040,4,5039.0,29.0,,,5046,29,,,,,5043.0,0.0,-6400
-1,93700,STARFRUIT,5039,25,,,,,5045,2,5046.0,23.0,,,5042.0,0.0,-6300
-1,93800,STARFRUIT,5040,5,5039.0,30.0,,,5046,30,,,,,5043.0,0.0,-6200
-1,93900,STARFRUIT,5040,3,5039.0,28.0,,,5046,28,,,,,5043.0,0.0,-6100
-1,94000,STARFRUIT,5039,31,,,,,5046,31,,,,,5042.5,0.0,-6000
-1,94100,STARFRUIT,5040,3,5039.0,30.0,,,5046,30,,,,,5043.0,0.0,-5900
-1,94200,STARFRUIT,5038,22,,,,,5045,22,,,,,5041.5,0.0,-5800
-1,94300,STARFRUIT,5040,1,5039.0,26.0,,,5045,2,5046.0,24.0,,,5042.5,0.0,-5700
-1,94400,STARFRUIT,5038,29,,,,,5045,29,,,,,5041.5,0.0,-5600
-1,94500,STARFRUIT,5039,25,,,,,5046,25,,,,,5042.5,0.0,-5500
-1,94600,STARFRUIT,5040,22,,,,,5047,22,,,,,5043.5,0.0,-5400
-1,94700,STARFRUIT,5039,21,,,,,5044,6,5046.0,21.0,,,5041.5,0.0,-5300
-1,94800,STARFRUIT,5040,1,5039.0,27.0,,,5044,1,5046.0,28.0,,,5042.0,0.0,-5200
-1,94900,STARFRUIT,5040,27,,,,,5047,27,,,,,5043.5,0.0,-5100
-1,95000,STARFRUIT,5045,1,5040.0,22.0,,,5046,1,5047.0,21.0,,,5045.5,0.0,-5000
-1,95100,STARFRUIT,5040,25,,,,,5047,25,,,,,5043.5,0.0,-4900
-1,95200,STARFRUIT,5040,30,,,,,5046,2,5047.0,28.0,,,5043.0,0.0,-4800
-1,95300,STARFRUIT,5039,24,,,,,5046,24,,,,,5042.5,0.0,-4700
-1,95400,STARFRUIT,5038,21,,,,,5045,21,,,,,5041.5,0.0,-4600
-1,95500,STARFRUIT,5039,27,,,,,5046,27,,,,,5042.5,0.0,-4500
-1,95600,STARFRUIT,5039,29,,,,,5046,30,,,,,5042.5,0.0,-4400
-1,95700,STARFRUIT,5039,23,,,,,5044,6,5045.0,2.0,5046.0,21.0,5041.5,0.0,-4300
-1,95800,STARFRUIT,5040,5,5039.0,21.0,,,5046,21,,,,,5043.0,0.0,-4200
-1,95900,STARFRUIT,5039,1,5038.0,22.0,,,5044,8,5045.0,1.0,5046.0,22.0,5041.5,0.0,-4100
-1,96000,STARFRUIT,5038,24,,,,,5045,24,,,,,5041.5,0.0,-4000
-1,96100,STARFRUIT,5039,23,,,,,5046,23,,,,,5042.5,0.0,-3900
-1,96200,STARFRUIT,5038,26,,,,,5039,1,5045.0,26.0,,,5038.5,0.0,-3800
-1,96300,STARFRUIT,5039,26,,,,,5046,27,,,,,5042.5,0.0,-3700
-1,96400,STARFRUIT,5039,30,,,,,5046,30,,,,,5042.5,0.0,-3600
-1,96500,STARFRUIT,5040,1,5039.0,28.0,,,5046,1,5047.0,28.0,,,5043.0,0.0,-3500
-1,96600,STARFRUIT,5039,24,,,,,5046,24,,,,,5042.5,0.0,-3400
-1,96700,STARFRUIT,5039,32,,,,,5046,32,,,,,5042.5,0.0,-3300
-1,96800,STARFRUIT,5040,7,5039.0,27.0,,,5045,1,5046.0,26.0,,,5042.5,0.0,-3200
-1,96900,STARFRUIT,5039,26,,,,,5045,1,5046.0,25.0,,,5042.0,0.0,-3100
-1,97000,STARFRUIT,5038,28,,,,,5045,28,,,,,5041.5,0.0,-3000
-1,97100,STARFRUIT,5039,28,,,,,5044,5,5046.0,28.0,,,5041.5,0.0,-2900
-1,97200,STARFRUIT,5039,1,5038.0,22.0,,,5041,3,5045.0,23.0,,,5040.0,0.0,-2800
-1,97300,STARFRUIT,5039,24,,,,,5045,1,5046.0,24.0,,,5042.0,0.0,-2700
-1,97400,STARFRUIT,5038,27,,,,,5046,27,,,,,5042.0,0.0,-2600
-1,97500,STARFRUIT,5040,3,5039.0,24.0,,,5045,2,5046.0,22.0,,,5042.5,0.0,-2500
-1,97600,STARFRUIT,5039,1,5038.0,30.0,,,5044,7,5045.0,1.0,5046.0,30.0,5041.5,0.0,-2400
-1,97700,STARFRUIT,5038,22,,,,,5044,2,5046.0,22.0,,,5041.0,0.0,-2300
-1,97800,STARFRUIT,5038,27,,,,,5043,1,5045.0,27.0,,,5040.5,0.0,-2200
-1,97900,STARFRUIT,5038,25,,,,,5045,26,,,,,5041.5,0.0,-2100
-1,98000,STARFRUIT,5039,24,,,,,5045,1,5046.0,23.0,,,5042.0,0.0,-2000
-1,98100,STARFRUIT,5038,29,,,,,5045,29,,,,,5041.5,0.0,-1900
-1,98200,STARFRUIT,5039,1,5038.0,25.0,,,5045,26,,,,,5042.0,0.0,-1800
-1,98300,STARFRUIT,5043,2,5040.0,2.0,5039.0,29.0,5046,29,,,,,5044.5,0.0,-1700
-1,98400,STARFRUIT,5038,30,,,,,5043,7,5045.0,30.0,,,5040.5,0.0,-1600
-1,98500,STARFRUIT,5039,31,,,,,5045,2,5046.0,29.0,,,5042.0,0.0,-1500
-1,98600,STARFRUIT,5039,1,5038.0,27.0,,,5045,28,,,,,5042.0,0.0,-1400
-1,98700,STARFRUIT,5038,29,,,,,5045,29,,,,,5041.5,0.0,-1300
-1,98800,STARFRUIT,5043,1,5038.0,24.0,,,5044,1,5045.0,23.0,,,5043.5,0.0,-1200
-1,98900,STARFRUIT,5038,26,,,,,5045,26,,,,,5041.5,0.0,-1100
-1,99000,STARFRUIT,5038,25,,,,,5043,4,5044.0,1.0,5045.0,25.0,5040.5,0.0,-1000
-1,99100,STARFRUIT,5038,6,5037.0,25.0,,,5045,25,,,,,5041.5,0.0,-900
-1,99200,STARFRUIT,5039,5,5038.0,22.0,,,5045,22,,,,,5042.0,0.0,-800
-1,99300,STARFRUIT,5043,1,5038.0,27.0,,,5045,27,,,,,5044.0,0.0,-700
-1,99400,STARFRUIT,5038,26,,,,,5045,26,,,,,5041.5,0.0,-600
-1,99500,STARFRUIT,5038,24,,,,,5045,24,,,,,5041.5,0.0,-500
-1,99600,STARFRUIT,5039,4,5038.0,28.0,,,5045,28,,,,,5042.0,0.0,-400
-1,99700,STARFRUIT,5038,30,,,,,5045,30,,,,,5041.5,0.0,-300
-1,99800,STARFRUIT,5039,28,,,,,5046,28,,,,,5042.5,0.0,-200
-1,99900,STARFRUIT,5039,29,,,,,5040,1,5046.0,29.0,,,5039.5,0.0,-100
-1,100000,STARFRUIT,5039,24,,,,,5044,5,5046.0,24.0,,,5041.5,0.0,0
-1,100100,STARFRUIT,5040,29,,,,,5047,29,,,,,5043.5,0.0,100
-1,100200,STARFRUIT,5041,23,,,,,5046,1,5047.0,1.0,5048.0,22.0,5043.5,0.0,200
-1,100300,STARFRUIT,5041,1,5040.0,30.0,,,5047,31,,,,,5044.0,0.0,300
-1,100400,STARFRUIT,5040,30,,,,,5047,30,,,,,5043.5,0.0,400
-1,100500,STARFRUIT,5040,22,,,,,5047,22,,,,,5043.5,0.0,500
-1,100600,STARFRUIT,5040,29,,,,,5045,1,5047.0,29.0,,,5042.5,0.0,600
-1,100700,STARFRUIT,5041,1,5040.0,30.0,,,5047,31,,,,,5044.0,0.0,700
-1,100800,STARFRUIT,5041,7,5040.0,28.0,,,5047,28,,,,,5044.0,0.0,800
-1,100900,STARFRUIT,5040,27,,,,,5041,8,5047.0,27.0,,,5040.5,0.0,900
-1,101000,STARFRUIT,5041,1,5040.0,30.0,,,5047,30,,,,,5044.0,0.0,1000
-1,101100,STARFRUIT,5041,4,5040.0,22.0,,,5046,1,5047.0,21.0,,,5043.5,0.0,1100
-1,101200,STARFRUIT,5039,26,,,,,5040,1,5046.0,26.0,,,5039.5,0.0,1200
-1,101300,STARFRUIT,5040,27,,,,,5046,1,5047.0,26.0,,,5043.0,0.0,1300
-1,101400,STARFRUIT,5039,22,,,,,5044,5,5046.0,22.0,,,5041.5,0.0,1400
-1,101500,STARFRUIT,5042,5,5039.0,22.0,,,5046,22,,,,,5044.0,0.0,1500
-1,101600,STARFRUIT,5039,27,,,,,5040,1,5041.0,5.0,5046.0,27.0,5039.5,0.0,1600
-1,101700,STARFRUIT,5040,27,,,,,5047,27,,,,,5043.5,0.0,1700
-1,101800,STARFRUIT,5040,26,,,,,5047,26,,,,,5043.5,0.0,1800
-1,101900,STARFRUIT,5040,23,,,,,5045,6,5047.0,23.0,,,5042.5,0.0,1900
-1,102000,STARFRUIT,5041,30,,,,,5047,1,5048.0,29.0,,,5044.0,0.0,2000
-1,102100,STARFRUIT,5040,24,,,,,5047,24,,,,,5043.5,0.0,2100
-1,102200,STARFRUIT,5040,30,,,,,5045,7,5047.0,30.0,,,5042.5,0.0,2200
-1,102300,STARFRUIT,5044,4,5041.0,25.0,,,5047,1,5048.0,24.0,,,5045.5,0.0,2300
-1,102400,STARFRUIT,5041,23,,,,,5048,23,,,,,5044.5,0.0,2400
-1,102500,STARFRUIT,5042,29,,,,,5048,2,5049.0,27.0,,,5045.0,0.0,2500
-1,102600,STARFRUIT,5042,25,,,,,5049,25,,,,,5045.5,0.0,2600
-1,102700,STARFRUIT,5041,21,,,,,5049,21,,,,,5045.0,0.0,2700
-1,102800,STARFRUIT,5040,28,,,,,5047,28,,,,,5043.5,0.0,2800
-1,102900,STARFRUIT,5044,4,5041.0,4.0,5040.0,28.0,5047,28,,,,,5045.5,0.0,2900
-1,103000,STARFRUIT,5041,31,,,,,5046,4,5048.0,31.0,,,5043.5,0.0,3000
-1,103100,STARFRUIT,5047,1,5041.0,27.0,,,5048,27,,,,,5047.5,0.0,3100
-1,103200,STARFRUIT,5042,6,5041.0,27.0,,,5048,27,,,,,5045.0,0.0,3200
-1,103300,STARFRUIT,5042,8,5041.0,26.0,,,5048,26,,,,,5045.0,0.0,3300
-1,103400,STARFRUIT,5041,31,,,,,5044,5,5048.0,32.0,,,5042.5,0.0,3400
-1,103500,STARFRUIT,5042,9,5041.0,27.0,,,5048,28,,,,,5045.0,0.0,3500
-1,103600,STARFRUIT,5043,2,5042.0,25.0,,,5049,27,,,,,5046.0,0.0,3600
-1,103700,STARFRUIT,5043,1,5042.0,24.0,,,5049,25,,,,,5046.0,0.0,3700
-1,103800,STARFRUIT,5043,26,,,,,5048,7,5050.0,26.0,,,5045.5,0.0,3800
-1,103900,STARFRUIT,5043,24,,,,,5050,24,,,,,5046.5,0.0,3900
-1,104000,STARFRUIT,5048,1,5042.0,27.0,,,5049,27,,,,,5048.5,0.0,4000
-1,104100,STARFRUIT,5041,28,,,,,5048,28,,,,,5044.5,0.0,4100
-1,104200,STARFRUIT,5041,24,,,,,5042,1,5046.0,7.0,5048.0,24.0,5041.5,0.0,4200
-1,104300,STARFRUIT,5042,21,,,,,5049,22,,,,,5045.5,0.0,4300
-1,104400,STARFRUIT,5042,1,5041.0,28.0,,,5048,29,,,,,5045.0,0.0,4400
-1,104500,STARFRUIT,5041,26,,,,,5048,26,,,,,5044.5,0.0,4500
-1,104600,STARFRUIT,5042,1,5041.0,27.0,,,5048,27,,,,,5045.0,0.0,4600
-1,104700,STARFRUIT,5042,1,5041.0,31.0,,,5048,31,,,,,5045.0,0.0,4700
-1,104800,STARFRUIT,5042,6,5041.0,28.0,,,5047,2,5048.0,26.0,,,5044.5,0.0,4800
-1,104900,STARFRUIT,5041,26,,,,,5046,4,5047.0,2.0,5048.0,24.0,5043.5,0.0,4900
-1,105000,STARFRUIT,5040,21,,,,,5048,21,,,,,5044.0,0.0,5000
-1,105100,STARFRUIT,5042,8,5041.0,32.0,,,5047,2,5048.0,30.0,,,5044.5,0.0,5100
-1,105200,STARFRUIT,5046,7,5041.0,26.0,,,5047,1,5048.0,25.0,,,5046.5,0.0,5200
-1,105300,STARFRUIT,5046,1,5041.0,27.0,,,5047,2,5048.0,25.0,,,5046.5,0.0,5300
-1,105400,STARFRUIT,5042,6,5041.0,24.0,,,5048,24,,,,,5045.0,0.0,5400
-1,105500,STARFRUIT,5041,28,,,,,5046,2,5048.0,28.0,,,5043.5,0.0,5500
-1,105600,STARFRUIT,5047,1,5041.0,30.0,,,5048,30,,,,,5047.5,0.0,5600
-1,105700,STARFRUIT,5047,1,5042.0,1.0,5041.0,28.0,5048,29,,,,,5047.5,0.0,5700
-1,105800,STARFRUIT,5047,7,5042.0,28.0,,,5049,28,,,,,5048.0,0.0,5800
-1,105900,STARFRUIT,5042,1,5041.0,23.0,,,5048,24,,,,,5045.0,0.0,5900
-1,106000,STARFRUIT,5041,22,,,,,5043,4,5048.0,22.0,,,5042.0,0.0,6000
-1,106100,STARFRUIT,5042,2,5041.0,22.0,,,5046,7,5048.0,24.0,,,5044.0,0.0,6100
-1,106200,STARFRUIT,5041,23,,,,,5048,23,,,,,5044.5,0.0,6200
-1,106300,STARFRUIT,5042,6,5041.0,26.0,,,5044,4,5048.0,28.0,,,5043.0,0.0,6300
-1,106400,STARFRUIT,5042,1,5041.0,22.0,,,5044,6,5046.0,8.0,5048.0,23.0,5043.0,0.0,6400
-1,106500,STARFRUIT,5042,20,,,,,5047,4,5049.0,20.0,,,5044.5,0.0,6500
-1,106600,STARFRUIT,5042,30,,,,,5047,6,5049.0,30.0,,,5044.5,0.0,6600
-1,106700,STARFRUIT,5042,30,,,,,5048,2,5049.0,28.0,,,5045.0,0.0,6700
-1,106800,STARFRUIT,5042,2,5041.0,31.0,,,5048,31,,,,,5045.0,0.0,6800
-1,106900,STARFRUIT,5042,29,,,,,5049,29,,,,,5045.5,0.0,6900
-1,107000,STARFRUIT,5043,1,5042.0,25.0,,,5044,2,5049.0,26.0,,,5043.5,0.0,7000
-1,107100,STARFRUIT,5042,22,,,,,5049,22,,,,,5045.5,0.0,7100
-1,107200,STARFRUIT,5043,1,5042.0,24.0,,,5047,2,5049.0,25.0,,,5045.0,0.0,7200
-1,107300,STARFRUIT,5042,25,,,,,5049,25,,,,,5045.5,0.0,7300
-1,107400,STARFRUIT,5042,6,5041.0,25.0,,,5048,25,,,,,5045.0,0.0,7400
-1,107500,STARFRUIT,5041,25,,,,,5048,25,,,,,5044.5,0.0,7500
-1,107600,STARFRUIT,5041,31,,,,,5046,4,5048.0,31.0,,,5043.5,0.0,7600
-1,107700,STARFRUIT,5042,2,5041.0,22.0,,,5048,24,,,,,5045.0,0.0,7700
-1,107800,STARFRUIT,5042,22,,,,,5049,22,,,,,5045.5,0.0,7800
-1,107900,STARFRUIT,5042,29,,,,,5049,29,,,,,5045.5,0.0,7900
-1,108000,STARFRUIT,5042,27,,,,,5048,1,5049.0,26.0,,,5045.0,0.0,8000
-1,108100,STARFRUIT,5041,25,,,,,5049,25,,,,,5045.0,0.0,8100
-1,108200,STARFRUIT,5042,2,5041.0,29.0,,,5046,1,5048.0,31.0,,,5044.0,0.0,8200
-1,108300,STARFRUIT,5041,21,,,,,5048,21,,,,,5044.5,0.0,8300
-1,108400,STARFRUIT,5047,1,5041.0,26.0,,,5048,26,,,,,5047.5,0.0,8400
-1,108500,STARFRUIT,5041,24,,,,,5048,25,,,,,5044.5,0.0,8500
-1,108600,STARFRUIT,5042,1,5041.0,26.0,,,5048,27,,,,,5045.0,0.0,8600
-1,108700,STARFRUIT,5042,23,,,,,5049,23,,,,,5045.5,0.0,8700
-1,108800,STARFRUIT,5042,20,,,,,5049,20,,,,,5045.5,0.0,8800
-1,108900,STARFRUIT,5041,31,,,,,5048,31,,,,,5044.5,0.0,8900
-1,109000,STARFRUIT,5042,4,5041.0,20.0,,,5048,20,,,,,5045.0,0.0,9000
-1,109100,STARFRUIT,5041,27,,,,,5046,5,5047.0,1.0,5048.0,27.0,5043.5,0.0,9100
-1,109200,STARFRUIT,5041,27,,,,,5048,27,,,,,5044.5,0.0,9200
-1,109300,STARFRUIT,5042,1,5041.0,21.0,,,5048,21,,,,,5045.0,0.0,9300
-1,109400,STARFRUIT,5040,21,,,,,5047,21,,,,,5043.5,0.0,9400
-1,109500,STARFRUIT,5041,5,5040.0,28.0,,,5047,30,,,,,5044.0,0.0,9500
-1,109600,STARFRUIT,5041,29,,,,,5047,2,5048.0,27.0,,,5044.0,0.0,9600
-1,109700,STARFRUIT,5040,27,,,,,5041,1,5047.0,27.0,,,5040.5,0.0,9700
-1,109800,STARFRUIT,5040,24,,,,,5047,24,,,,,5043.5,0.0,9800
-1,109900,STARFRUIT,5040,27,,,,,5047,27,,,,,5043.5,0.0,9900
-1,110000,STARFRUIT,5039,22,,,,,5046,22,,,,,5042.5,0.0,10000
-1,110100,STARFRUIT,5038,23,,,,,5045,1,5046.0,23.0,,,5041.5,0.0,10100
-1,110200,STARFRUIT,5039,20,,,,,5044,3,5046.0,20.0,,,5041.5,0.0,10200
-1,110300,STARFRUIT,5039,22,,,,,5046,22,,,,,5042.5,0.0,10300
-1,110400,STARFRUIT,5039,30,,,,,5040,7,5046.0,30.0,,,5039.5,0.0,10400
-1,110500,STARFRUIT,5040,21,,,,,5047,21,,,,,5043.5,0.0,10500
-1,110600,STARFRUIT,5045,1,5039.0,28.0,,,5047,28,,,,,5046.0,0.0,10600
-1,110700,STARFRUIT,5044,3,5040.0,26.0,,,5047,26,,,,,5045.5,0.0,10700
-1,110800,STARFRUIT,5040,30,,,,,5047,30,,,,,5043.5,0.0,10800
-1,110900,STARFRUIT,5040,24,,,,,5047,24,,,,,5043.5,0.0,10900
-1,111000,STARFRUIT,5045,1,5040.0,24.0,,,5046,2,5047.0,22.0,,,5045.5,0.0,11000
-1,111100,STARFRUIT,5039,27,,,,,5046,27,,,,,5042.5,0.0,11100
-1,111200,STARFRUIT,5040,1,5039.0,21.0,,,5044,1,5046.0,22.0,,,5042.0,0.0,11200
-1,111300,STARFRUIT,5041,2,5040.0,29.0,,,5047,30,,,,,5044.0,0.0,11300
-1,111400,STARFRUIT,5040,24,,,,,5047,24,,,,,5043.5,0.0,11400
-1,111500,STARFRUIT,5045,1,5041.0,6.0,5040.0,22.0,5046,1,5047.0,21.0,,,5045.5,0.0,11500
-1,111600,STARFRUIT,5040,9,5039.0,30.0,,,5046,2,5047.0,30.0,,,5043.0,0.0,11600
-1,111700,STARFRUIT,5041,2,5040.0,22.0,,,5047,22,,,,,5044.0,0.0,11700
-1,111800,STARFRUIT,5041,6,5040.0,22.0,,,5047,22,,,,,5044.0,0.0,11800
-1,111900,STARFRUIT,5039,22,,,,,5046,22,,,,,5042.5,0.0,11900
-1,112000,STARFRUIT,5039,26,,,,,5044,4,5046.0,26.0,,,5041.5,0.0,12000
-1,112100,STARFRUIT,5039,2,5038.0,20.0,,,5045,22,,,,,5042.0,0.0,12100
-1,112200,STARFRUIT,5044,1,5038.0,28.0,,,5045,28,,,,,5044.5,0.0,12200
-1,112300,STARFRUIT,5039,5,5038.0,26.0,,,5045,26,,,,,5042.0,0.0,12300
-1,112400,STARFRUIT,5038,29,,,,,5045,29,,,,,5041.5,0.0,12400
-1,112500,STARFRUIT,5038,23,,,,,5045,23,,,,,5041.5,0.0,12500
-1,112600,STARFRUIT,5038,30,,,,,5045,30,,,,,5041.5,0.0,12600
-1,112700,STARFRUIT,5039,1,5038.0,28.0,,,5045,29,,,,,5042.0,0.0,12700
-1,112800,STARFRUIT,5039,7,5038.0,22.0,,,5045,22,,,,,5042.0,0.0,12800
-1,112900,STARFRUIT,5038,22,,,,,5045,22,,,,,5041.5,0.0,12900
-1,113000,STARFRUIT,5038,27,,,,,5043,4,5045.0,27.0,,,5040.5,0.0,13000
-1,113100,STARFRUIT,5038,21,,,,,5045,21,,,,,5041.5,0.0,13100
-1,113200,STARFRUIT,5039,7,5038.0,31.0,,,5045,31,,,,,5042.0,0.0,13200
-1,113300,STARFRUIT,5039,2,5038.0,20.0,,,5040,5,5045.0,22.0,,,5039.5,0.0,13300
-1,113400,STARFRUIT,5038,21,,,,,5045,21,,,,,5041.5,0.0,13400
-1,113500,STARFRUIT,5038,21,,,,,5045,21,,,,,5041.5,0.0,13500
-1,113600,STARFRUIT,5039,25,,,,,5045,1,5046.0,24.0,,,5042.0,0.0,13600
-1,113700,STARFRUIT,5040,7,5039.0,20.0,,,5046,21,,,,,5043.0,0.0,13700
-1,113800,STARFRUIT,5039,24,,,,,5046,24,,,,,5042.5,0.0,13800
-1,113900,STARFRUIT,5039,1,5038.0,28.0,,,5045,29,,,,,5042.0,0.0,13900
-1,114000,STARFRUIT,5038,30,,,,,5045,30,,,,,5041.5,0.0,14000
-1,114100,STARFRUIT,5044,1,5039.0,3.0,5038.0,32.0,5045,32,,,,,5044.5,0.0,14100
-1,114200,STARFRUIT,5039,25,,,,,5045,2,5046.0,23.0,,,5042.0,0.0,14200
-1,114300,STARFRUIT,5040,1,5039.0,29.0,,,5045,2,5046.0,27.0,,,5042.5,0.0,14300
-1,114400,STARFRUIT,5039,28,,,,,5046,28,,,,,5042.5,0.0,14400
-1,114500,STARFRUIT,5040,1,5039.0,30.0,,,5046,30,,,,,5043.0,0.0,14500
-1,114600,STARFRUIT,5039,26,,,,,5045,1,5046.0,25.0,,,5042.0,0.0,14600
-1,114700,STARFRUIT,5039,8,5038.0,26.0,,,5045,28,,,,,5042.0,0.0,14700
-1,114800,STARFRUIT,5038,26,,,,,5045,26,,,,,5041.5,0.0,14800
-1,114900,STARFRUIT,5038,21,,,,,5045,21,,,,,5041.5,0.0,14900
-1,115000,STARFRUIT,5039,6,5038.0,26.0,,,5044,1,5045.0,25.0,,,5041.5,0.0,15000
-1,115100,STARFRUIT,5043,1,5039.0,8.0,5038.0,25.0,5045,25,,,,,5044.0,0.0,15100
-1,115200,STARFRUIT,5038,21,,,,,5045,21,,,,,5041.5,0.0,15200
-1,115300,STARFRUIT,5038,5,5037.0,28.0,,,5044,28,,,,,5041.0,0.0,15300
-1,115400,STARFRUIT,5037,24,,,,,5044,24,,,,,5040.5,0.0,15400
-1,115500,STARFRUIT,5037,26,,,,,5044,26,,,,,5040.5,0.0,15500
-1,115600,STARFRUIT,5038,4,5037.0,29.0,,,5043,2,5044.0,27.0,,,5040.5,0.0,15600
-1,115700,STARFRUIT,5042,1,5037.0,25.0,,,5044,25,,,,,5043.0,0.0,15700
-1,115800,STARFRUIT,5038,2,5037.0,24.0,,,5043,2,5044.0,22.0,,,5040.5,0.0,15800
-1,115900,STARFRUIT,5038,2,5037.0,28.0,,,5044,30,,,,,5041.0,0.0,15900
-1,116000,STARFRUIT,5037,25,,,,,5038,1,5044.0,25.0,,,5037.5,0.0,16000
-1,116100,STARFRUIT,5038,24,,,,,5045,24,,,,,5041.5,0.0,16100
-1,116200,STARFRUIT,5038,27,,,,,5043,3,5045.0,27.0,,,5040.5,0.0,16200
-1,116300,STARFRUIT,5038,29,,,,,5045,29,,,,,5041.5,0.0,16300
-1,116400,STARFRUIT,5039,24,,,,,5045,1,5046.0,23.0,,,5042.0,0.0,16400
-1,116500,STARFRUIT,5039,7,5038.0,27.0,,,5045,2,5046.0,27.0,,,5042.0,0.0,16500
-1,116600,STARFRUIT,5038,23,,,,,5045,23,,,,,5041.5,0.0,16600
-1,116700,STARFRUIT,5038,26,,,,,5044,2,5045.0,24.0,,,5041.0,0.0,16700
-1,116800,STARFRUIT,5039,6,5038.0,30.0,,,5045,30,,,,,5042.0,0.0,16800
-1,116900,STARFRUIT,5038,27,,,,,5043,2,5045.0,27.0,,,5040.5,0.0,16900
-1,117000,STARFRUIT,5039,1,5038.0,30.0,,,5045,31,,,,,5042.0,0.0,17000
-1,117100,STARFRUIT,5039,26,,,,,5046,26,,,,,5042.5,0.0,17100
-1,117200,STARFRUIT,5039,22,,,,,5046,22,,,,,5042.5,0.0,17200
-1,117300,STARFRUIT,5039,22,,,,,5044,2,5046.0,22.0,,,5041.5,0.0,17300
-1,117400,STARFRUIT,5039,27,,,,,5046,27,,,,,5042.5,0.0,17400
-1,117500,STARFRUIT,5039,2,5038.0,24.0,,,5040,2,5043.0,1.0,5045.0,26.0,5039.5,0.0,17500
-1,117600,STARFRUIT,5039,31,,,,,5045,1,5046.0,30.0,,,5042.0,0.0,17600
-1,117700,STARFRUIT,5040,30,,,,,5047,30,,,,,5043.5,0.0,17700
-1,117800,STARFRUIT,5041,3,5040.0,31.0,,,5047,31,,,,,5044.0,0.0,17800
-1,117900,STARFRUIT,5041,2,5040.0,24.0,,,5047,24,,,,,5044.0,0.0,17900
-1,118000,STARFRUIT,5041,1,5040.0,27.0,,,5045,5,5047.0,28.0,,,5043.0,0.0,18000
-1,118100,STARFRUIT,5040,25,,,,,5047,25,,,,,5043.5,0.0,18100
-1,118200,STARFRUIT,5040,21,,,,,5041,1,5047.0,21.0,,,5040.5,0.0,18200
-1,118300,STARFRUIT,5040,26,,,,,5046,1,5047.0,26.0,,,5043.0,0.0,18300
-1,118400,STARFRUIT,5040,2,5039.0,28.0,,,5046,2,5047.0,28.0,,,5043.0,0.0,18400
-1,118500,STARFRUIT,5040,25,,,,,5046,1,5047.0,25.0,,,5043.0,0.0,18500
-1,118600,STARFRUIT,5040,7,5039.0,31.0,,,5046,31,,,,,5043.0,0.0,18600
-1,118700,STARFRUIT,5039,27,,,,,5040,10,5046.0,27.0,,,5039.5,0.0,18700
-1,118800,STARFRUIT,5039,31,,,,,5046,31,,,,,5042.5,0.0,18800
-1,118900,STARFRUIT,5040,5,5038.0,25.0,,,5046,25,,,,,5043.0,0.0,18900
-1,119000,STARFRUIT,5039,21,,,,,5046,21,,,,,5042.5,0.0,19000
-1,119100,STARFRUIT,5043,2,5039.0,26.0,,,5046,26,,,,,5044.5,0.0,19100
-1,119200,STARFRUIT,5039,26,,,,,5046,26,,,,,5042.5,0.0,19200
-1,119300,STARFRUIT,5039,25,,,,,5046,25,,,,,5042.5,0.0,19300
-1,119400,STARFRUIT,5040,7,5039.0,24.0,,,5046,24,,,,,5043.0,0.0,19400
-1,119500,STARFRUIT,5039,26,,,,,5046,26,,,,,5042.5,0.0,19500
-1,119600,STARFRUIT,5039,28,,,,,5045,2,5046.0,27.0,,,5042.0,0.0,19600
-1,119700,STARFRUIT,5040,8,5039.0,26.0,,,5046,26,,,,,5043.0,0.0,19700
-1,119800,STARFRUIT,5043,4,5040.0,26.0,,,5045,7,5047.0,26.0,,,5044.0,0.0,19800
-1,119900,STARFRUIT,5041,27,,,,,5046,6,5048.0,28.0,,,5043.5,0.0,19900
-1,120000,STARFRUIT,5041,25,,,,,5047,2,5048.0,23.0,,,5044.0,0.0,20000
-1,120100,STARFRUIT,5042,22,,,,,5049,22,,,,,5045.5,0.0,20100
-1,120200,STARFRUIT,5042,1,5041.0,23.0,,,5048,1,5049.0,23.0,,,5045.0,0.0,20200
-1,120300,STARFRUIT,5042,6,5041.0,31.0,,,5048,31,,,,,5045.0,0.0,20300
-1,120400,STARFRUIT,5042,8,5041.0,25.0,,,5043,2,5048.0,25.0,,,5042.5,0.0,20400
-1,120500,STARFRUIT,5041,23,,,,,5043,3,5048.0,23.0,,,5042.0,0.0,20500
-1,120600,STARFRUIT,5042,4,5041.0,22.0,,,5048,22,,,,,5045.0,0.0,20600
-1,120700,STARFRUIT,5041,28,,,,,5048,28,,,,,5044.5,0.0,20700
-1,120800,STARFRUIT,5041,23,,,,,5048,23,,,,,5044.5,0.0,20800
-1,120900,STARFRUIT,5041,23,,,,,5046,4,5048.0,23.0,,,5043.5,0.0,20900
-1,121000,STARFRUIT,5042,2,5041.0,22.0,,,5048,24,,,,,5045.0,0.0,21000
-1,121100,STARFRUIT,5041,27,,,,,5042,1,5048.0,27.0,,,5041.5,0.0,21100
-1,121200,STARFRUIT,5042,1,5041.0,28.0,,,5048,28,,,,,5045.0,0.0,21200
-1,121300,STARFRUIT,5041,9,5040.0,21.0,,,5047,1,5048.0,21.0,,,5044.0,0.0,21300
-1,121400,STARFRUIT,5041,27,,,,,5046,4,5048.0,27.0,,,5043.5,0.0,21400
-1,121500,STARFRUIT,5041,29,,,,,5046,4,5048.0,29.0,,,5043.5,0.0,21500
-1,121600,STARFRUIT,5041,22,,,,,5046,2,5047.0,1.0,5048.0,21.0,5043.5,0.0,21600
-1,121700,STARFRUIT,5041,5,5040.0,27.0,,,5047,27,,,,,5044.0,0.0,21700
-1,121800,STARFRUIT,5040,31,,,,,5047,31,,,,,5043.5,0.0,21800
-1,121900,STARFRUIT,5045,1,5040.0,28.0,,,5047,28,,,,,5046.0,0.0,21900
-1,122000,STARFRUIT,5039,27,,,,,5044,1,5046.0,27.0,,,5041.5,0.0,22000
-1,122100,STARFRUIT,5039,25,,,,,5046,25,,,,,5042.5,0.0,22100
-1,122200,STARFRUIT,5039,27,,,,,5045,2,5046.0,25.0,,,5042.0,0.0,22200
-1,122300,STARFRUIT,5039,3,5038.0,23.0,,,5045,23,,,,,5042.0,0.0,22300
-1,122400,STARFRUIT,5038,2,5037.0,24.0,,,5044,2,5045.0,24.0,,,5041.0,0.0,22400
-1,122500,STARFRUIT,5038,27,,,,,5045,27,,,,,5041.5,0.0,22500
-1,122600,STARFRUIT,5044,1,5038.0,29.0,,,5045,29,,,,,5044.5,0.0,22600
-1,122700,STARFRUIT,5039,25,,,,,5046,25,,,,,5042.5,0.0,22700
-1,122800,STARFRUIT,5039,29,,,,,5044,6,5046.0,29.0,,,5041.5,0.0,22800
-1,122900,STARFRUIT,5045,1,5039.0,32.0,,,5046,32,,,,,5045.5,0.0,22900
-1,123000,STARFRUIT,5039,26,,,,,5047,26,,,,,5043.0,0.0,23000
-1,123100,STARFRUIT,5041,8,5040.0,26.0,,,5047,26,,,,,5044.0,0.0,23100
-1,123200,STARFRUIT,5041,23,,,,,5042,4,5046.0,1.0,5048.0,23.0,5041.5,0.0,23200
-1,123300,STARFRUIT,5041,29,,,,,5048,29,,,,,5044.5,0.0,23300
-1,123400,STARFRUIT,5042,6,5041.0,22.0,,,5047,1,5048.0,21.0,,,5044.5,0.0,23400
-1,123500,STARFRUIT,5041,31,,,,,5048,31,,,,,5044.5,0.0,23500
-1,123600,STARFRUIT,5042,1,5041.0,20.0,,,5048,21,,,,,5045.0,0.0,23600
-1,123700,STARFRUIT,5042,23,,,,,5049,23,,,,,5045.5,0.0,23700
-1,123800,STARFRUIT,5048,1,5043.0,1.0,5042.0,23.0,5049,24,,,,,5048.5,0.0,23800
-1,123900,STARFRUIT,5042,26,,,,,5049,26,,,,,5045.5,0.0,23900
-1,124000,STARFRUIT,5048,1,5042.0,20.0,,,5049,20,,,,,5048.5,0.0,24000
-1,124100,STARFRUIT,5043,27,,,,,5044,3,5049.0,2.0,5050.0,25.0,5043.5,0.0,24100
-1,124200,STARFRUIT,5044,5,5043.0,23.0,,,5050,24,,,,,5047.0,0.0,24200
-1,124300,STARFRUIT,5044,3,5043.0,20.0,,,5050,20,,,,,5047.0,0.0,24300
-1,124400,STARFRUIT,5042,27,,,,,5049,27,,,,,5045.5,0.0,24400
-1,124500,STARFRUIT,5043,21,,,,,5044,3,5048.0,4.0,5049.0,1.0,5043.5,0.0,24500
-1,124600,STARFRUIT,5046,1,5041.0,21.0,,,5048,21,,,,,5047.0,0.0,24600
-1,124700,STARFRUIT,5042,2,5041.0,20.0,,,5046,5,5048.0,22.0,,,5044.0,0.0,24700
-1,124800,STARFRUIT,5041,25,,,,,5048,25,,,,,5044.5,0.0,24800
-1,124900,STARFRUIT,5041,31,,,,,5048,31,,,,,5044.5,0.0,24900
-1,125000,STARFRUIT,5042,26,,,,,5048,1,5049.0,25.0,,,5045.0,0.0,25000
-1,125100,STARFRUIT,5042,27,,,,,5049,27,,,,,5045.5,0.0,25100
-1,125200,STARFRUIT,5042,27,,,,,5049,27,,,,,5045.5,0.0,25200
-1,125300,STARFRUIT,5042,2,5041.0,26.0,,,5048,28,,,,,5045.0,0.0,25300
-1,125400,STARFRUIT,5042,22,,,,,5049,22,,,,,5045.5,0.0,25400
-1,125500,STARFRUIT,5043,24,,,,,5050,24,,,,,5046.5,0.0,25500
-1,125600,STARFRUIT,5045,7,5044.0,30.0,,,5050,2,5051.0,28.0,,,5047.5,0.0,25600
-1,125700,STARFRUIT,5043,28,,,,,5050,28,,,,,5046.5,0.0,25700
-1,125800,STARFRUIT,5043,1,5042.0,27.0,,,5049,28,,,,,5046.0,0.0,25800
-1,125900,STARFRUIT,5044,1,5043.0,30.0,,,5046,6,5050.0,30.0,,,5045.0,0.0,25900
-1,126000,STARFRUIT,5043,22,,,,,5049,1,5050.0,21.0,,,5046.0,0.0,26000
-1,126100,STARFRUIT,5044,7,5043.0,29.0,,,5050,29,,,,,5047.0,0.0,26100
-1,126200,STARFRUIT,5042,24,,,,,5049,24,,,,,5045.5,0.0,26200
-1,126300,STARFRUIT,5041,29,,,,,5049,29,,,,,5045.0,0.0,26300
-1,126400,STARFRUIT,5043,6,5042.0,27.0,,,5049,27,,,,,5046.0,0.0,26400
-1,126500,STARFRUIT,5042,2,5041.0,25.0,,,5048,27,,,,,5045.0,0.0,26500
-1,126600,STARFRUIT,5042,22,,,,,5048,1,5049.0,21.0,,,5045.0,0.0,26600
-1,126700,STARFRUIT,5041,23,,,,,5048,23,,,,,5044.5,0.0,26700
-1,126800,STARFRUIT,5042,2,5041.0,24.0,,,5046,7,5048.0,26.0,,,5044.0,0.0,26800
-1,126900,STARFRUIT,5042,25,,,,,5047,8,5049.0,25.0,,,5044.5,0.0,26900
-1,127000,STARFRUIT,5042,26,,,,,5049,26,,,,,5045.5,0.0,27000
-1,127100,STARFRUIT,5042,27,,,,,5049,27,,,,,5045.5,0.0,27100
-1,127200,STARFRUIT,5042,26,,,,,5049,26,,,,,5045.5,0.0,27200
-1,127300,STARFRUIT,5042,28,,,,,5049,28,,,,,5045.5,0.0,27300
-1,127400,STARFRUIT,5042,27,,,,,5047,7,5049.0,27.0,,,5044.5,0.0,27400
-1,127500,STARFRUIT,5043,1,5042.0,29.0,,,5047,6,5049.0,2.0,5050.0,29.0,5045.0,0.0,27500
-1,127600,STARFRUIT,5043,27,,,,,5050,27,,,,,5046.5,0.0,27600
-1,127700,STARFRUIT,5044,6,5043.0,20.0,,,5050,20,,,,,5047.0,0.0,27700
-1,127800,STARFRUIT,5044,1,5043.0,27.0,,,5050,28,,,,,5047.0,0.0,27800
-1,127900,STARFRUIT,5043,29,,,,,5050,29,,,,,5046.5,0.0,27900
-1,128000,STARFRUIT,5049,1,5044.0,2.0,5043.0,20.0,5050,2,5051.0,20.0,,,5049.5,0.0,28000
-1,128100,STARFRUIT,5044,1,5043.0,29.0,,,5050,30,,,,,5047.0,0.0,28100
-1,128200,STARFRUIT,5043,22,,,,,5049,1,5050.0,21.0,,,5046.0,0.0,28200
-1,128300,STARFRUIT,5049,1,5043.0,25.0,,,5050,25,,,,,5049.5,0.0,28300
-1,128400,STARFRUIT,5043,23,,,,,5045,2,5048.0,8.0,5050.0,23.0,5044.0,0.0,28400
-1,128500,STARFRUIT,5043,23,,,,,5049,1,5050.0,22.0,,,5046.0,0.0,28500
-1,128600,STARFRUIT,5043,22,,,,,5049,2,5050.0,20.0,,,5046.0,0.0,28600
-1,128700,STARFRUIT,5042,26,,,,,5049,26,,,,,5045.5,0.0,28700
-1,128800,STARFRUIT,5043,21,,,,,5050,21,,,,,5046.5,0.0,28800
-1,128900,STARFRUIT,5048,1,5047.0,4.0,5043.0,25.0,5050,25,,,,,5049.0,0.0,28900
-1,129000,STARFRUIT,5044,2,5043.0,21.0,,,5050,23,,,,,5047.0,0.0,29000
-1,129100,STARFRUIT,5044,27,,,,,5049,8,5051.0,27.0,,,5046.5,0.0,29100
-1,129200,STARFRUIT,5045,26,,,,,5050,7,5052.0,26.0,,,5047.5,0.0,29200
-1,129300,STARFRUIT,5046,5,5045.0,23.0,,,5052,23,,,,,5049.0,0.0,29300
-1,129400,STARFRUIT,5045,25,,,,,5052,25,,,,,5048.5,0.0,29400
-1,129500,STARFRUIT,5045,20,,,,,5050,6,5052.0,20.0,,,5047.5,0.0,29500
-1,129600,STARFRUIT,5045,31,,,,,5046,1,5052.0,31.0,,,5045.5,0.0,29600
-1,129700,STARFRUIT,5045,23,,,,,5048,3,5052.0,23.0,,,5046.5,0.0,29700
-1,129800,STARFRUIT,5046,3,5045.0,27.0,,,5052,28,,,,,5049.0,0.0,29800
-1,129900,STARFRUIT,5046,30,,,,,5052,2,5053.0,28.0,,,5049.0,0.0,29900
-1,130000,STARFRUIT,5046,29,,,,,5053,29,,,,,5049.5,0.0,30000
-1,130100,STARFRUIT,5051,1,5046.0,22.0,,,5053,22,,,,,5052.0,0.0,30100
-1,130200,STARFRUIT,5046,23,,,,,5047,3,5051.0,3.0,5053.0,23.0,5046.5,0.0,30200
-1,130300,STARFRUIT,5046,26,,,,,5053,26,,,,,5049.5,0.0,30300
-1,130400,STARFRUIT,5045,27,,,,,5052,1,5053.0,27.0,,,5048.5,0.0,30400
-1,130500,STARFRUIT,5045,21,,,,,5050,8,5052.0,21.0,,,5047.5,0.0,30500
-1,130600,STARFRUIT,5045,21,,,,,5050,2,5052.0,21.0,,,5047.5,0.0,30600
-1,130700,STARFRUIT,5051,1,5046.0,6.0,5045.0,22.0,5052,22,,,,,5051.5,0.0,30700
-1,130800,STARFRUIT,5045,23,,,,,5052,23,,,,,5048.5,0.0,30800
-1,130900,STARFRUIT,5045,32,,,,,5046,7,5052.0,32.0,,,5045.5,0.0,30900
-1,131000,STARFRUIT,5045,26,,,,,5050,6,5052.0,26.0,,,5047.5,0.0,31000
-1,131100,STARFRUIT,5045,22,,,,,5052,22,,,,,5048.5,0.0,31100
-1,131200,STARFRUIT,5045,30,,,,,5052,30,,,,,5048.5,0.0,31200
-1,131300,STARFRUIT,5045,1,5044.0,20.0,,,5051,21,,,,,5048.0,0.0,31300
-1,131400,STARFRUIT,5049,7,5044.0,21.0,,,5051,21,,,,,5050.0,0.0,31400
-1,131500,STARFRUIT,5043,26,,,,,5050,26,,,,,5046.5,0.0,31500
-1,131600,STARFRUIT,5049,1,5044.0,30.0,,,5051,30,,,,,5050.0,0.0,31600
-1,131700,STARFRUIT,5043,30,,,,,5048,8,5050.0,30.0,,,5045.5,0.0,31700
-1,131800,STARFRUIT,5042,28,,,,,5043,1,5044.0,4.0,5049.0,28.0,5042.5,0.0,31800
-1,131900,STARFRUIT,5043,1,5042.0,27.0,,,5049,27,,,,,5046.0,0.0,31900
-1,132000,STARFRUIT,5042,6,5041.0,28.0,,,5048,28,,,,,5045.0,0.0,32000
-1,132100,STARFRUIT,5041,24,,,,,5048,24,,,,,5044.5,0.0,32100
-1,132200,STARFRUIT,5041,29,,,,,5048,29,,,,,5044.5,0.0,32200
-1,132300,STARFRUIT,5041,24,,,,,5048,24,,,,,5044.5,0.0,32300
-1,132400,STARFRUIT,5042,1,5041.0,22.0,,,5048,23,,,,,5045.0,0.0,32400
-1,132500,STARFRUIT,5041,30,,,,,5046,5,5048.0,30.0,,,5043.5,0.0,32500
-1,132600,STARFRUIT,5041,29,,,,,5048,29,,,,,5044.5,0.0,32600
-1,132700,STARFRUIT,5041,23,,,,,5046,2,5048.0,23.0,,,5043.5,0.0,32700
-1,132800,STARFRUIT,5041,2,5040.0,23.0,,,5047,2,5048.0,23.0,,,5044.0,0.0,32800
-1,132900,STARFRUIT,5041,32,,,,,5047,2,5048.0,30.0,,,5044.0,0.0,32900
-1,133000,STARFRUIT,5041,23,,,,,5048,23,,,,,5044.5,0.0,33000
-1,133100,STARFRUIT,5041,24,,,,,5048,24,,,,,5044.5,0.0,33100
-1,133200,STARFRUIT,5041,28,,,,,5048,28,,,,,5044.5,0.0,33200
-1,133300,STARFRUIT,5041,32,,,,,5048,32,,,,,5044.5,0.0,33300
-1,133400,STARFRUIT,5041,29,,,,,5048,30,,,,,5044.5,0.0,33400
-1,133500,STARFRUIT,5041,30,,,,,5046,1,5048.0,30.0,,,5043.5,0.0,33500
-1,133600,STARFRUIT,5040,23,,,,,5047,23,,,,,5043.5,0.0,33600
-1,133700,STARFRUIT,5040,28,,,,,5041,1,5047.0,28.0,,,5040.5,0.0,33700
-1,133800,STARFRUIT,5040,2,5039.0,21.0,,,5046,23,,,,,5043.0,0.0,33800
-1,133900,STARFRUIT,5039,24,,,,,5046,24,,,,,5042.5,0.0,33900
-1,134000,STARFRUIT,5040,8,5039.0,24.0,,,5042,2,5046.0,24.0,,,5041.0,0.0,34000
-1,134100,STARFRUIT,5039,1,5038.0,23.0,,,5045,1,5046.0,23.0,,,5042.0,0.0,34100
-1,134200,STARFRUIT,5038,29,,,,,5045,29,,,,,5041.5,0.0,34200
-1,134300,STARFRUIT,5039,2,5038.0,30.0,,,5045,2,5046.0,30.0,,,5042.0,0.0,34300
-1,134400,STARFRUIT,5038,25,,,,,5045,25,,,,,5041.5,0.0,34400
-1,134500,STARFRUIT,5039,6,5038.0,24.0,,,5045,24,,,,,5042.0,0.0,34500
-1,134600,STARFRUIT,5041,5,5038.0,23.0,,,5045,23,,,,,5043.0,0.0,34600
-1,134700,STARFRUIT,5038,21,,,,,5043,7,5045.0,21.0,,,5040.5,0.0,34700
-1,134800,STARFRUIT,5038,2,5037.0,30.0,,,5044,32,,,,,5041.0,0.0,34800
-1,134900,STARFRUIT,5038,23,,,,,5043,5,5044.0,2.0,5045.0,21.0,5040.5,0.0,34900
-1,135000,STARFRUIT,5038,9,5037.0,22.0,,,5044,1,5045.0,22.0,,,5041.0,0.0,35000
-1,135100,STARFRUIT,5043,1,5042.0,7.0,5038.0,2.0,5044,22,,,,,5043.5,0.0,35100
-1,135200,STARFRUIT,5038,1,5037.0,20.0,,,5044,21,,,,,5041.0,0.0,35200
-1,135300,STARFRUIT,5038,20,,,,,5045,20,,,,,5041.5,0.0,35300
-1,135400,STARFRUIT,5039,30,,,,,5046,30,,,,,5042.5,0.0,35400
-1,135500,STARFRUIT,5039,1,5038.0,29.0,,,5044,3,5045.0,1.0,5046.0,29.0,5041.5,0.0,35500
-1,135600,STARFRUIT,5039,21,,,,,5044,1,5046.0,21.0,,,5041.5,0.0,35600
-1,135700,STARFRUIT,5039,26,,,,,5046,26,,,,,5042.5,0.0,35700
-1,135800,STARFRUIT,5040,3,5039.0,24.0,,,5042,3,5046.0,24.0,,,5041.0,0.0,35800
-1,135900,STARFRUIT,5039,27,,,,,5046,27,,,,,5042.5,0.0,35900
-1,136000,STARFRUIT,5040,4,5039.0,31.0,,,5045,1,5046.0,30.0,,,5042.5,0.0,36000
-1,136100,STARFRUIT,5038,29,,,,,5045,29,,,,,5041.5,0.0,36100
-1,136200,STARFRUIT,5039,1,5038.0,28.0,,,5044,2,5045.0,1.0,5046.0,28.0,5041.5,0.0,36200
-1,136300,STARFRUIT,5039,1,5038.0,32.0,,,5045,32,,,,,5042.0,0.0,36300
-1,136400,STARFRUIT,5038,30,,,,,5045,30,,,,,5041.5,0.0,36400
-1,136500,STARFRUIT,5038,26,,,,,5040,1,5045.0,26.0,,,5039.0,0.0,36500
-1,136600,STARFRUIT,5038,25,,,,,5045,25,,,,,5041.5,0.0,36600
-1,136700,STARFRUIT,5039,24,,,,,5046,24,,,,,5042.5,0.0,36700
-1,136800,STARFRUIT,5040,6,5039.0,28.0,,,5046,28,,,,,5043.0,0.0,36800
-1,136900,STARFRUIT,5039,23,,,,,5046,23,,,,,5042.5,0.0,36900
-1,137000,STARFRUIT,5039,29,,,,,5046,29,,,,,5042.5,0.0,37000
-1,137100,STARFRUIT,5039,24,,,,,5046,24,,,,,5042.5,0.0,37100
-1,137200,STARFRUIT,5041,1,5040.0,23.0,,,5047,23,,,,,5044.0,0.0,37200
-1,137300,STARFRUIT,5040,28,,,,,5045,5,5046.0,1.0,5047.0,27.0,5042.5,0.0,37300
-1,137400,STARFRUIT,5040,2,5039.0,27.0,,,5046,29,,,,,5043.0,0.0,37400
-1,137500,STARFRUIT,5040,1,5039.0,29.0,,,5044,7,5046.0,30.0,,,5042.0,0.0,37500
-1,137600,STARFRUIT,5039,22,,,,,5046,22,,,,,5042.5,0.0,37600
-1,137700,STARFRUIT,5039,28,,,,,5041,3,5046.0,28.0,,,5040.0,0.0,37700
-1,137800,STARFRUIT,5039,23,,,,,5045,1,5046.0,22.0,,,5042.0,0.0,37800
-1,137900,STARFRUIT,5038,29,,,,,5045,29,,,,,5041.5,0.0,37900
-1,138000,STARFRUIT,5038,30,,,,,5045,30,,,,,5041.5,0.0,38000
-1,138100,STARFRUIT,5039,2,5038.0,29.0,,,5045,31,,,,,5042.0,0.0,38100
-1,138200,STARFRUIT,5038,24,,,,,5045,24,,,,,5041.5,0.0,38200
-1,138300,STARFRUIT,5037,30,,,,,5045,30,,,,,5041.0,0.0,38300
-1,138400,STARFRUIT,5037,26,,,,,5042,4,5044.0,26.0,,,5039.5,0.0,38400
-1,138500,STARFRUIT,5038,23,,,,,5044,2,5045.0,22.0,,,5041.0,0.0,38500
-1,138600,STARFRUIT,5038,30,,,,,5041,2,5044.0,1.0,5045.0,30.0,5039.5,0.0,38600
-1,138700,STARFRUIT,5038,25,,,,,5044,2,5045.0,23.0,,,5041.0,0.0,38700
-1,138800,STARFRUIT,5038,2,5037.0,29.0,,,5044,31,,,,,5041.0,0.0,38800
-1,138900,STARFRUIT,5038,1,5037.0,21.0,,,5044,22,,,,,5041.0,0.0,38900
-1,139000,STARFRUIT,5038,30,,,,,5044,1,5045.0,30.0,,,5041.0,0.0,39000
-1,139100,STARFRUIT,5038,24,,,,,5045,24,,,,,5041.5,0.0,39100
-1,139200,STARFRUIT,5039,3,5038.0,26.0,,,5045,26,,,,,5042.0,0.0,39200
-1,139300,STARFRUIT,5038,22,,,,,5045,22,,,,,5041.5,0.0,39300
-1,139400,STARFRUIT,5039,6,5038.0,24.0,,,5045,25,,,,,5042.0,0.0,39400
-1,139500,STARFRUIT,5039,21,,,,,5045,1,5046.0,20.0,,,5042.0,0.0,39500
-1,139600,STARFRUIT,5040,6,5039.0,25.0,,,5046,25,,,,,5043.0,0.0,39600
-1,139700,STARFRUIT,5039,26,,,,,5040,4,5044.0,4.0,5046.0,27.0,5039.5,0.0,39700
-1,139800,STARFRUIT,5044,1,5039.0,27.0,,,5046,27,,,,,5045.0,0.0,39800
-1,139900,STARFRUIT,5039,23,,,,,5044,1,5046.0,23.0,,,5041.5,0.0,39900
-1,140000,STARFRUIT,5039,24,,,,,5046,24,,,,,5042.5,0.0,40000
-1,140100,STARFRUIT,5039,26,,,,,5046,27,,,,,5042.5,0.0,40100
-1,140200,STARFRUIT,5039,30,,,,,5046,30,,,,,5042.5,0.0,40200
-1,140300,STARFRUIT,5040,28,,,,,5046,2,5047.0,26.0,,,5043.0,0.0,40300
-1,140400,STARFRUIT,5039,27,,,,,5040,1,5046.0,27.0,,,5039.5,0.0,40400
-1,140500,STARFRUIT,5040,1,5039.0,26.0,,,5046,27,,,,,5043.0,0.0,40500
-1,140600,STARFRUIT,5039,29,,,,,5040,1,5042.0,3.0,5046.0,29.0,5039.5,0.0,40600
-1,140700,STARFRUIT,5039,22,,,,,5046,22,,,,,5042.5,0.0,40700
-1,140800,STARFRUIT,5039,26,,,,,5046,26,,,,,5042.5,0.0,40800
-1,140900,STARFRUIT,5038,28,,,,,5045,28,,,,,5041.5,0.0,40900
-1,141000,STARFRUIT,5040,5,5039.0,22.0,,,5045,2,5046.0,20.0,,,5042.5,0.0,41000
-1,141100,STARFRUIT,5040,3,5039.0,28.0,,,5046,28,,,,,5043.0,0.0,41100
-1,141200,STARFRUIT,5039,24,,,,,5044,2,5046.0,24.0,,,5041.5,0.0,41200
-1,141300,STARFRUIT,5039,22,,,,,5046,22,,,,,5042.5,0.0,41300
-1,141400,STARFRUIT,5039,2,5038.0,26.0,,,5045,28,,,,,5042.0,0.0,41400
-1,141500,STARFRUIT,5038,27,,,,,5045,27,,,,,5041.5,0.0,41500
-1,141600,STARFRUIT,5038,31,,,,,5045,31,,,,,5041.5,0.0,41600
-1,141700,STARFRUIT,5038,22,,,,,5045,22,,,,,5041.5,0.0,41700
-1,141800,STARFRUIT,5038,26,,,,,5044,2,5045.0,24.0,,,5041.0,0.0,41800
-1,141900,STARFRUIT,5038,22,,,,,5044,2,5045.0,20.0,,,5041.0,0.0,41900
-1,142000,STARFRUIT,5043,1,5038.0,26.0,,,5045,26,,,,,5044.0,0.0,42000
-1,142100,STARFRUIT,5038,1,5037.0,30.0,,,5044,31,,,,,5041.0,0.0,42100
-1,142200,STARFRUIT,5038,24,,,,,5045,24,,,,,5041.5,0.0,42200
-1,142300,STARFRUIT,5043,1,5038.0,25.0,,,5045,25,,,,,5044.0,0.0,42300
-1,142400,STARFRUIT,5038,31,,,,,5044,2,5045.0,29.0,,,5041.0,0.0,42400
-1,142500,STARFRUIT,5042,5,5038.0,23.0,,,5044,1,5045.0,22.0,,,5043.0,0.0,42500
-1,142600,STARFRUIT,5038,29,,,,,5039,1,5045.0,29.0,,,5038.5,0.0,42600
-1,142700,STARFRUIT,5038,29,,,,,5043,4,5045.0,29.0,,,5040.5,0.0,42700
-1,142800,STARFRUIT,5044,1,5038.0,23.0,,,5045,23,,,,,5044.5,0.0,42800
-1,142900,STARFRUIT,5038,27,,,,,5045,27,,,,,5041.5,0.0,42900
-1,143000,STARFRUIT,5039,25,,,,,5045,2,5046.0,23.0,,,5042.0,0.0,43000
-1,143100,STARFRUIT,5040,7,5039.0,30.0,,,5045,1,5046.0,29.0,,,5042.5,0.0,43100
-1,143200,STARFRUIT,5038,32,,,,,5043,6,5045.0,32.0,,,5040.5,0.0,43200
-1,143300,STARFRUIT,5039,1,5038.0,26.0,,,5043,7,5045.0,27.0,,,5041.0,0.0,43300
-1,143400,STARFRUIT,5039,2,5038.0,26.0,,,5045,28,,,,,5042.0,0.0,43400
-1,143500,STARFRUIT,5040,8,5039.0,26.0,,,5045,2,5046.0,24.0,,,5042.5,0.0,43500
-1,143600,STARFRUIT,5039,22,,,,,5046,22,,,,,5042.5,0.0,43600
-1,143700,STARFRUIT,5039,26,,,,,5045,1,5046.0,25.0,,,5042.0,0.0,43700
-1,143800,STARFRUIT,5039,6,5038.0,28.0,,,5045,30,,,,,5042.0,0.0,43800
-1,143900,STARFRUIT,5038,25,,,,,5043,2,5045.0,25.0,,,5040.5,0.0,43900
-1,144000,STARFRUIT,5043,1,5037.0,22.0,,,5045,22,,,,,5044.0,0.0,44000
-1,144100,STARFRUIT,5038,22,,,,,5043,3,5045.0,22.0,,,5040.5,0.0,44100
-1,144200,STARFRUIT,5038,1,5037.0,22.0,,,5042,4,5044.0,23.0,,,5040.0,0.0,44200
-1,144300,STARFRUIT,5038,28,,,,,5043,2,5045.0,28.0,,,5040.5,0.0,44300
-1,144400,STARFRUIT,5038,30,,,,,5045,30,,,,,5041.5,0.0,44400
-1,144500,STARFRUIT,5038,26,,,,,5045,26,,,,,5041.5,0.0,44500
-1,144600,STARFRUIT,5038,24,,,,,5045,24,,,,,5041.5,0.0,44600
-1,144700,STARFRUIT,5037,22,,,,,5043,2,5044.0,20.0,,,5040.0,0.0,44700
-1,144800,STARFRUIT,5037,24,,,,,5044,24,,,,,5040.5,0.0,44800
-1,144900,STARFRUIT,5037,30,,,,,5044,30,,,,,5040.5,0.0,44900
-1,145000,STARFRUIT,5037,25,,,,,5044,25,,,,,5040.5,0.0,45000
-1,145100,STARFRUIT,5036,26,,,,,5037,10,5043.0,26.0,,,5036.5,0.0,45100
-1,145200,STARFRUIT,5042,1,5036.0,25.0,,,5043,25,,,,,5042.5,0.0,45200
-1,145300,STARFRUIT,5037,2,5036.0,23.0,,,5043,2,5044.0,23.0,,,5040.0,0.0,45300
-1,145400,STARFRUIT,5036,24,,,,,5043,24,,,,,5039.5,0.0,45400
-1,145500,STARFRUIT,5037,1,5036.0,27.0,,,5041,6,5043.0,28.0,,,5039.0,0.0,45500
-1,145600,STARFRUIT,5037,1,5036.0,25.0,,,5041,3,5043.0,27.0,,,5039.0,0.0,45600
-1,145700,STARFRUIT,5036,22,,,,,5041,4,5043.0,22.0,,,5038.5,0.0,45700
-1,145800,STARFRUIT,5037,27,,,,,5044,27,,,,,5040.5,0.0,45800
